symbol,timestamp,exchange,price,size,id,conditions,tape
AAPL,2024-01-30 14:30:00.001598+00:00,Q,190.95,58.0,3427,"['@', 'F', 'T', 'I']",C
AAPL,2024-01-30 14:30:00.002303+00:00,Q,190.95,15.0,3428,"['@', 'F', 'T', 'I']",C
AAPL,2024-01-30 14:30:00.002735+00:00,Q,190.95,5.0,3429,"['@', 'F', 'T', 'I']",C
AAPL,2024-01-30 14:30:00.003368+00:00,Q,190.95,33.0,3430,"['@', 'F', 'T', 'I']",C
AAPL,2024-01-30 14:30:00.004378+00:00,Q,190.95,292.0,3431,"['@', 'F', 'T']",C
AAPL,2024-01-30 14:30:00.004524+00:00,Q,190.95,22.0,3432,"['@', 'F', 'T', 'I']",C
AAPL,2024-01-30 14:30:00.004589+00:00,Q,190.94,100.0,3433,"['@', 'T']",C
AAPL,2024-01-30 14:30:00.007954+00:00,P,190.94,47.0,3027,"['@', 'F', 'T', 'I']",C
AAPL,2024-01-30 14:30:00.069492+00:00,K,190.945,2.0,2123,"['@', 'I']",C
AAPL,2024-01-30 14:30:00.082539+00:00,V,190.945,1.0,32,"['@', 'I']",C
AAPL,2024-01-30 14:30:00.084700+00:00,P,190.94,4.0,3028,"['@', 'I']",C
AAPL,2024-01-30 14:30:00.084702+00:00,P,190.94,4.0,3029,"['@', 'Q']",C
AAPL,2024-01-30 14:30:00.084770+00:00,P,190.94,4.0,3030,"['@', 'I']",C
AAPL,2024-01-30 14:30:00.084781+00:00,P,190.94,574.0,3031,"['@', 'F']",C
AAPL,2024-01-30 14:30:00.084791+00:00,P,190.94,300.0,3032,['@'],C
AAPL,2024-01-30 14:30:00.084795+00:00,P,190.94,675.0,3033,"['@', 'F']",C
AAPL,2024-01-30 14:30:00.084795+00:00,P,190.94,16.0,3034,"['@', 'F', 'I']",C
AAPL,2024-01-30 14:30:00.084795+00:00,P,190.94,15.0,3035,"['@', 'F', 'I']",C
AAPL,2024-01-30 14:30:00.084800+00:00,P,190.94,16.0,3036,"['@', 'F', 'I']",C
AAPL,2024-01-30 14:30:00.084804+00:00,P,190.94,100.0,3037,['@'],C
AAPL,2024-01-30 14:30:00.084808+00:00,P,190.94,103.0,3038,"['@', 'F']",C
AAPL,2024-01-30 14:30:00.084837+00:00,P,190.94,86.0,3039,"['@', 'F', 'I']",C
AAPL,2024-01-30 14:30:00.084850+00:00,P,190.94,59.0,3040,"['@', 'F', 'I']",C
AAPL,2024-01-30 14:30:00.084850+00:00,P,190.94,19.0,3041,"['@', 'F', 'I']",C
AAPL,2024-01-30 14:30:00.084850+00:00,P,190.94,8.0,3042,"['@', 'F', 'I']",C
AAPL,2024-01-30 14:30:00.084854+00:00,P,190.94,15.0,3043,"['@', 'F', 'I']",C
AAPL,2024-01-30 14:30:00.084858+00:00,P,190.94,8.0,3044,"['@', 'F', 'I']",C
AAPL,2024-01-30 14:30:00.084945+00:00,P,190.94,4.0,3045,"['@', 'F', 'I']",C
AAPL,2024-01-30 14:30:00.085034+00:00,P,190.94,18.0,3046,"['@', 'F', 'I']",C
AAPL,2024-01-30 14:30:00.085039+00:00,P,190.94,40.0,3047,"['@', 'F', 'I']",C
AAPL,2024-01-30 14:30:00.085069+00:00,P,190.94,18.0,3048,"['@', 'F', 'I']",C
AAPL,2024-01-30 14:30:00.085074+00:00,P,190.94,14.0,3049,"['@', 'F', 'I']",C
AAPL,2024-01-30 14:30:00.085106+00:00,P,190.94,10.0,3050,"['@', 'F', 'I']",C
AAPL,2024-01-30 14:30:00.085109+00:00,P,190.93,100.0,3051,"['@', 'F']",C
AAPL,2024-01-30 14:30:00.085190+00:00,P,190.92,100.0,3052,"['@', 'F']",C
AAPL,2024-01-30 14:30:00.085234+00:00,P,190.91,49.0,3053,"['@', 'F', 'I']",C
AAPL,2024-01-30 14:30:00.112479+00:00,P,190.86,100.0,3054,['@'],C
AAPL,2024-01-30 14:30:00.112479+00:00,P,190.86,11.0,3055,"['@', 'I']",C
AAPL,2024-01-30 14:30:00.112587+00:00,Z,190.81,100.0,311,"['@', 'F']",C
AAPL,2024-01-30 14:30:00.112724+00:00,Z,190.8,26.0,312,"['@', 'F', 'I']",C
AAPL,2024-01-30 14:30:00.112746+00:00,Z,190.8,361.0,313,"['@', 'F']",C
AAPL,2024-01-30 14:30:00.112800+00:00,P,190.86,89.0,3056,"['@', 'F', 'I']",C
AAPL,2024-01-30 14:30:00.112800+00:00,P,190.85,11.0,3057,"['@', 'F', 'I']",C
AAPL,2024-01-30 14:30:00.112826+00:00,P,190.85,14.0,3058,"['@', 'F', 'I']",C
AAPL,2024-01-30 14:30:00.112827+00:00,P,190.85,10.0,3059,"['@', 'F', 'I']",C
AAPL,2024-01-30 14:30:00.112827+00:00,P,190.85,25.0,3060,"['@', 'F', 'I']",C
AAPL,2024-01-30 14:30:00.112828+00:00,P,190.84,51.0,3061,"['@', 'F', 'I']",C
AAPL,2024-01-30 14:30:00.112837+00:00,P,190.84,49.0,3062,"['@', 'F', 'I']",C
AAPL,2024-01-30 14:30:00.112963+00:00,Z,190.8,51.0,314,"['@', 'F', 'I']",C
AAPL,2024-01-30 14:30:00.149727+00:00,Z,190.85,50.0,315,"['@', 'I']",C
AAPL,2024-01-30 14:30:00.160430+00:00,Q,190.87,1.0,3434,"['@', 'F', 'T', 'I']",C
AAPL,2024-01-30 14:30:00.160483+00:00,Q,190.87,99.0,3435,"['@', 'F', 'T', 'I']",C
AAPL,2024-01-30 14:30:00.160485+00:00,Q,190.86,25.0,3436,"['@', 'F', 'T', 'I']",C
AAPL,2024-01-30 14:30:00.160487+00:00,Q,190.86,25.0,3437,"['@', 'F', 'T', 'I']",C
AAPL,2024-01-30 14:30:00.160488+00:00,Q,190.85,100.0,3438,"['@', 'F', 'T']",C
AAPL,2024-01-30 14:30:00.160493+00:00,Q,190.84,1.0,3439,"['@', 'F', 'T', 'I']",C
AAPL,2024-01-30 14:30:00.160496+00:00,Q,190.84,1.0,3440,"['@', 'F', 'T', 'I']",C
AAPL,2024-01-30 14:30:00.160827+00:00,K,190.85,50.0,2124,"['@', 'I']",C
AAPL,2024-01-30 14:30:00.160893+00:00,X,190.87,16.0,6,"['@', 'F', 'I']",C
AAPL,2024-01-30 14:30:00.161052+00:00,P,190.85,100.0,3063,['@'],C
AAPL,2024-01-30 14:30:00.161179+00:00,U,190.87,22.0,129,"['@', 'F', 'I']",C
AAPL,2024-01-30 14:30:00.161320+00:00,K,190.865,14.0,2125,"['@', 'F', 'I']",C
AAPL,2024-01-30 14:30:00.161323+00:00,K,190.865,6.0,2126,"['@', 'F', 'I']",C
AAPL,2024-01-30 14:30:00.161326+00:00,Y,190.87,10.0,20,"['@', 'F', 'I']",C
AAPL,2024-01-30 14:30:00.161351+00:00,U,190.87,50.0,130,"['@', 'F', 'I']",C
AAPL,2024-01-30 14:30:00.161359+00:00,H,190.87,22.0,1,"['@', 'F', 'I']",C
AAPL,2024-01-30 14:30:00.161454+00:00,K,190.86,3.0,2127,"['@', 'I']",C
AAPL,2024-01-30 14:30:00.161623+00:00,P,190.88,100.0,3064,"['@', 'F']",C
AAPL,2024-01-30 14:30:00.161623+00:00,P,190.88,94.0,3065,"['@', 'F', 'I']",C
AAPL,2024-01-30 14:30:00.161937+00:00,N,190.87,1.0,2,"['@', 'F', 'I']",C
AAPL,2024-01-30 14:30:00.162838+00:00,Q,190.84,1.0,3441,"['@', 'F', 'T', 'I']",C
AAPL,2024-01-30 14:30:00.162856+00:00,Q,190.84,23.0,3442,"['@', 'F', 'T', 'I']",C
AAPL,2024-01-30 14:30:00.162858+00:00,Q,190.83,21.0,3443,"['@', 'F', 'T', 'I']",C
AAPL,2024-01-30 14:30:00.163987+00:00,Q,190.85,1.0,3444,"['@', 'F', 'T', 'I']",C
AAPL,2024-01-30 14:30:00.164012+00:00,Q,190.85,44.0,3445,"['@', 'F', 'T', 'I']",C
AAPL,2024-01-30 14:30:00.164037+00:00,N,190.87,1.0,3,"['@', 'F', 'I']",C
AAPL,2024-01-30 14:30:00.164037+00:00,N,190.88,61.0,4,"['@', 'F', 'I']",C
AAPL,2024-01-30 14:30:00.164165+00:00,Q,190.85,8.0,3446,"['@', 'F', 'T', 'I']",C
AAPL,2024-01-30 14:30:00.164430+00:00,Q,190.86,25.0,3447,"['@', 'F', 'T', 'I']",C
AAPL,2024-01-30 14:30:00.164537+00:00,K,190.86,57.0,2128,"['@', 'I']",C
AAPL,2024-01-30 14:30:00.164542+00:00,K,190.85,43.0,2129,"['@', 'I']",C
AAPL,2024-01-30 14:30:00.164569+00:00,Q,190.85,5.0,3448,"['@', 'T', 'I']",C
AAPL,2024-01-30 14:30:00.164571+00:00,Q,190.85,25.0,3449,"['@', 'T', 'I']",C
AAPL,2024-01-30 14:30:00.167716+00:00,Q,190.87,50.0,3450,"['@', 'F', 'T', 'I']",C
AAPL,2024-01-30 14:30:00.167718+00:00,Q,190.88,25.0,3451,"['@', 'F', 'T', 'I']",C
AAPL,2024-01-30 14:30:00.187291+00:00,K,190.85,57.0,2130,"['@', 'I']",C
AAPL,2024-01-30 14:30:00.187296+00:00,K,190.85,43.0,2131,"['@', 'I']",C
AAPL,2024-01-30 14:30:00.215182+00:00,P,190.86,100.0,3066,['@'],C
AAPL,2024-01-30 14:30:00.239475+00:00,K,190.88,1.0,2132,"['@', 'F', 'I']",C
AAPL,2024-01-30 14:30:00.244236+00:00,P,190.85,100.0,3067,['@'],C
AAPL,2024-01-30 14:30:00.244236+00:00,P,190.85,100.0,3068,['@'],C
AAPL,2024-01-30 14:30:00.244236+00:00,P,190.85,100.0,3069,['@'],C
AAPL,2024-01-30 14:30:00.257384+00:00,D,190.9388,1.0,2286,"['@', 'I']",C
AAPL,2024-01-30 14:30:00.262603+00:00,V,190.85,41.0,33,"['@', 'I']",C
AAPL,2024-01-30 14:30:00.264133+00:00,V,190.85,9.0,34,"['@', 'I']",C
AAPL,2024-01-30 14:30:00.269050+00:00,P,190.86,100.0,3070,"['@', 'F']",C
AAPL,2024-01-30 14:30:00.269174+00:00,U,190.85,24.0,131,"['@', 'F', 'I']",C
AAPL,2024-01-30 14:30:00.270808+00:00,P,190.86,100.0,3071,"['@', 'F']",C
AAPL,2024-01-30 14:30:00.270808+00:00,P,190.85,34.0,3072,"['@', 'F', 'I']",C
AAPL,2024-01-30 14:30:00.271405+00:00,P,190.85,46.0,3073,"['@', 'F', 'I']",C
AAPL,2024-01-30 14:30:00.330539+00:00,Q,190.88,53.0,3452,"['@', 'T', 'I']",C
AAPL,2024-01-30 14:30:00.336463+00:00,V,190.87,100.0,35,['@'],C
AAPL,2024-01-30 14:30:00.383464+00:00,Q,190.88,5.0,3453,"['@', 'F', 'T', 'I']",C
AAPL,2024-01-30 14:30:00.383754+00:00,K,190.87,50.0,2133,"['@', 'F', 'I']",C
AAPL,2024-01-30 14:30:00.453589+00:00,D,190.85,1.0,2287,"['@', '4', 'I']",C
AAPL,2024-01-30 14:30:00.461311+00:00,V,190.87,1.0,36,"['@', 'I']",C
AAPL,2024-01-30 14:30:00.464516+00:00,Q,190.88,2.0,3454,"['@', 'T', 'I']",C
AAPL,2024-01-30 14:30:00.465489+00:00,Q,190.88,3.0,3455,"['@', 'T', 'I']",C
AAPL,2024-01-30 14:30:00.465653+00:00,Q,190.88,1.0,3456,"['@', 'T', 'I']",C
AAPL,2024-01-30 14:30:00.468273+00:00,D,190.85,1.0,2288,"['@', '4', 'I']",C
AAPL,2024-01-30 14:30:00.483440+00:00,P,190.87,40.0,3074,"['@', 'F', 'I']",C
AAPL,2024-01-30 14:30:00.483541+00:00,P,190.87,18.0,3075,"['@', 'F', 'I']",C
AAPL,2024-01-30 14:30:00.483650+00:00,D,190.94,1.0,2289,"['@', 'I']",C
AAPL,2024-01-30 14:30:00.486108+00:00,K,190.87,6.0,2134,"['@', 'F', 'I']",C
AAPL,2024-01-30 14:30:00.493931+00:00,K,190.87,6.0,2135,"['@', 'F', 'I']",C
AAPL,2024-01-30 14:30:00.496722+00:00,D,190.85,1.0,2290,"['@', '4', 'I']",C
AAPL,2024-01-30 14:30:00.500818+00:00,D,190.85,1.0,2291,"['@', '4', 'I']",C
AAPL,2024-01-30 14:30:00.506467+00:00,V,190.87,100.0,37,['@'],C
AAPL,2024-01-30 14:30:00.520015+00:00,D,190.85,1.0,2292,"['@', '4', 'I']",C
AAPL,2024-01-30 14:30:00.520472+00:00,D,190.87,2.0,2293,"['@', 'I']",C
AAPL,2024-01-30 14:30:00.520475+00:00,N,190.87,1.0,5,"['@', 'I']",C
AAPL,2024-01-30 14:30:00.522354+00:00,Z,190.87,100.0,316,['@'],C
AAPL,2024-01-30 14:30:00.522358+00:00,U,190.87,10.0,132,"['@', 'I']",C
AAPL,2024-01-30 14:30:00.522359+00:00,Z,190.87,100.0,317,['@'],C
AAPL,2024-01-30 14:30:00.522362+00:00,Z,190.87,1.0,318,"['@', 'I']",C
AAPL,2024-01-30 14:30:00.522367+00:00,K,190.87,88.0,2136,"['@', 'I']",C
AAPL,2024-01-30 14:30:00.522376+00:00,K,190.87,50.0,2137,"['@', 'I']",C
AAPL,2024-01-30 14:30:00.522731+00:00,P,190.87,42.0,3076,"['@', 'I']",C
AAPL,2024-01-30 14:30:00.522735+00:00,P,190.87,100.0,3077,['@'],C
AAPL,2024-01-30 14:30:00.522735+00:00,P,190.87,100.0,3078,['@'],C
AAPL,2024-01-30 14:30:00.523374+00:00,P,190.87,21.0,3079,"['@', 'F', 'I']",C
AAPL,2024-01-30 14:30:00.523703+00:00,B,190.87,4.0,21,"['@', 'I']",C
AAPL,2024-01-30 14:30:00.523705+00:00,B,190.87,1.0,22,"['@', 'I']",C
AAPL,2024-01-30 14:30:00.523726+00:00,U,190.86,10.0,133,"['@', 'I']",C
AAPL,2024-01-30 14:30:00.523742+00:00,K,190.86,50.0,2138,"['@', 'I']",C
AAPL,2024-01-30 14:30:00.523744+00:00,Z,190.86,100.0,319,['@'],C
AAPL,2024-01-30 14:30:00.523747+00:00,Z,190.86,100.0,320,['@'],C
AAPL,2024-01-30 14:30:00.523750+00:00,K,190.86,100.0,2139,['@'],C
AAPL,2024-01-30 14:30:00.523753+00:00,K,190.86,50.0,2140,"['@', 'I']",C
AAPL,2024-01-30 14:30:00.524112+00:00,P,190.87,79.0,3080,"['@', 'I']",C
AAPL,2024-01-30 14:30:00.524112+00:00,P,190.86,100.0,3081,['@'],C
AAPL,2024-01-30 14:30:00.524112+00:00,P,190.86,100.0,3082,['@'],C
AAPL,2024-01-30 14:30:00.524343+00:00,U,190.86,4.0,134,"['@', 'I']",C
AAPL,2024-01-30 14:30:00.524343+00:00,U,190.86,1.0,135,"['@', 'I']",C
AAPL,2024-01-30 14:30:00.524521+00:00,K,190.85,2.0,2141,"['@', 'I']",C
AAPL,2024-01-30 14:30:00.524663+00:00,P,190.86,100.0,3083,"['@', 'F']",C
AAPL,2024-01-30 14:30:00.525176+00:00,K,190.85,10.0,2142,"['@', 'I']",C
AAPL,2024-01-30 14:30:00.526442+00:00,U,190.87,10.0,136,"['@', 'I']",C
AAPL,2024-01-30 14:30:00.526443+00:00,K,190.87,9.0,2143,"['@', 'I']",C
AAPL,2024-01-30 14:30:00.526447+00:00,K,190.87,91.0,2144,"['@', 'I']",C
AAPL,2024-01-30 14:30:00.527700+00:00,K,190.86,11.0,2145,"['@', 'F', 'I']",C
AAPL,2024-01-30 14:30:00.527731+00:00,P,190.86,100.0,3084,"['@', 'F']",C
AAPL,2024-01-30 14:30:00.527867+00:00,K,190.86,15.0,2146,"['@', 'F', 'I']",C
AAPL,2024-01-30 14:30:00.527921+00:00,K,190.86,24.0,2147,"['@', 'F', 'I']",C
AAPL,2024-01-30 14:30:00.528734+00:00,K,190.86,50.0,2148,"['@', 'F', 'I']",C
AAPL,2024-01-30 14:30:00.528807+00:00,U,190.86,10.0,137,"['@', 'F', 'I']",C
AAPL,2024-01-30 14:30:00.528807+00:00,U,190.86,10.0,138,"['@', 'F', 'I']",C
AAPL,2024-01-30 14:30:00.528807+00:00,U,190.86,9.0,139,"['@', 'F', 'I']",C
AAPL,2024-01-30 14:30:00.528841+00:00,P,190.86,38.0,3085,"['@', 'F', 'I']",C
AAPL,2024-01-30 14:30:00.529009+00:00,P,190.86,34.0,3086,"['@', 'F', 'I']",C
AAPL,2024-01-30 14:30:00.530078+00:00,K,190.86,50.0,2149,"['@', 'F', 'I']",C
AAPL,2024-01-30 14:30:00.530082+00:00,U,190.86,10.0,140,"['@', 'F', 'I']",C
AAPL,2024-01-30 14:30:00.530272+00:00,K,190.86,9.0,2150,"['@', 'F', 'I']",C
AAPL,2024-01-30 14:30:00.530302+00:00,P,190.86,28.0,3087,"['@', 'F', 'I']",C
AAPL,2024-01-30 14:30:00.530325+00:00,K,190.86,24.0,2151,"['@', 'F', 'I']",C
AAPL,2024-01-30 14:30:00.530973+00:00,K,190.86,6.0,2152,"['@', 'F', 'I']",C
AAPL,2024-01-30 14:30:00.531395+00:00,P,190.86,66.0,3088,"['@', 'F', 'I']",C
AAPL,2024-01-30 14:30:00.531586+00:00,K,190.86,1.0,2153,"['@', 'F', 'I']",C
AAPL,2024-01-30 14:30:00.531617+00:00,P,190.86,34.0,3089,"['@', 'F', 'I']",C
AAPL,2024-01-30 14:30:00.531690+00:00,K,190.86,10.0,2154,"['@', 'F', 'I']",C
AAPL,2024-01-30 14:30:00.531693+00:00,K,190.85,15.0,2155,"['@', 'F', 'I']",C
AAPL,2024-01-30 14:30:00.531699+00:00,U,190.86,10.0,141,"['@', 'F', 'I']",C
AAPL,2024-01-30 14:30:00.531767+00:00,K,190.85,23.0,2156,"['@', 'F', 'I']",C
AAPL,2024-01-30 14:30:00.531775+00:00,K,190.85,1.0,2157,"['@', 'F', 'I']",C
AAPL,2024-01-30 14:30:00.532581+00:00,K,190.86,50.0,2158,"['@', 'I']",C
AAPL,2024-01-30 14:30:00.532767+00:00,P,190.86,100.0,3090,['@'],C
AAPL,2024-01-30 14:30:00.533314+00:00,K,190.86,19.0,2159,"['@', 'F', 'I']",C
AAPL,2024-01-30 14:30:00.534386+00:00,K,190.86,27.0,2160,"['@', 'F', 'I']",C
AAPL,2024-01-30 14:30:00.537412+00:00,K,190.86,4.0,2161,"['@', 'F', 'I']",C
AAPL,2024-01-30 14:30:00.537488+00:00,U,190.86,10.0,142,"['@', 'F', 'I']",C
AAPL,2024-01-30 14:30:00.544260+00:00,K,190.86,16.0,2162,"['@', 'F', 'I']",C
AAPL,2024-01-30 14:30:00.546788+00:00,K,190.86,8.0,2163,"['@', 'F', 'I']",C
AAPL,2024-01-30 14:30:00.546972+00:00,U,190.86,10.0,143,"['@', 'F', 'I']",C
AAPL,2024-01-30 14:30:00.546975+00:00,K,190.86,26.0,2164,"['@', 'F', 'I']",C
AAPL,2024-01-30 14:30:00.547130+00:00,U,190.86,10.0,144,"['@', 'F', 'I']",C
AAPL,2024-01-30 14:30:00.547146+00:00,K,190.86,26.0,2165,"['@', 'F', 'I']",C
AAPL,2024-01-30 14:30:00.547177+00:00,P,190.85,20.0,3091,"['@', 'F', 'I']",C
AAPL,2024-01-30 14:30:00.547177+00:00,P,190.85,39.0,3092,"['@', 'F', 'I']",C
AAPL,2024-01-30 14:30:00.547183+00:00,J,190.86,11.0,10,"['@', 'I']",C
AAPL,2024-01-30 14:30:00.547185+00:00,Y,190.86,9.0,21,"['@', 'I']",C
AAPL,2024-01-30 14:30:00.547196+00:00,J,190.86,7.0,11,"['@', 'I']",C
AAPL,2024-01-30 14:30:00.547200+00:00,Y,190.86,8.0,22,"['@', 'I']",C
AAPL,2024-01-30 14:30:00.547247+00:00,K,190.86,9.0,2166,"['@', 'F', 'I']",C
AAPL,2024-01-30 14:30:00.547270+00:00,K,190.86,15.0,2167,"['@', 'F', 'I']",C
AAPL,2024-01-30 14:30:00.547463+00:00,U,190.86,5.0,145,"['@', 'F', 'I']",C
AAPL,2024-01-30 14:30:00.547509+00:00,K,190.86,24.0,2168,"['@', 'F', 'I']",C
AAPL,2024-01-30 14:30:00.547542+00:00,P,190.85,35.0,3093,"['@', 'F', 'I']",C
AAPL,2024-01-30 14:30:00.547621+00:00,H,190.86,5.0,2,"['@', 'F', 'I']",C
AAPL,2024-01-30 14:30:00.547895+00:00,P,190.87,100.0,3094,['@'],C
AAPL,2024-01-30 14:30:00.592486+00:00,D,190.87,1.0,2294,"['@', 'I']",C
AAPL,2024-01-30 14:30:00.597193+00:00,D,190.87,1.0,2295,"['@', 'I']",C
AAPL,2024-01-30 14:30:00.599605+00:00,D,190.945,1.0,2296,"['@', 'I']",C
AAPL,2024-01-30 14:30:00.610291+00:00,D,190.87,1.0,2297,"['@', 'I']",C
AAPL,2024-01-30 14:30:00.630870+00:00,D,190.85,1.0,2298,"['@', '4', 'I']",C
AAPL,2024-01-30 14:30:00.643570+00:00,N,190.87,17.0,6,"['@', 'F', 'I']",C
AAPL,2024-01-30 14:30:00.643703+00:00,J,190.87,20.0,12,"['@', 'I']",C
AAPL,2024-01-30 14:30:00.644816+00:00,D,190.84,1.0,2299,"['@', '4', 'I']",C
AAPL,2024-01-30 14:30:00.659838+00:00,D,190.87,1.0,2300,"['@', 'I']",C
AAPL,2024-01-30 14:30:00.660294+00:00,D,190.87,1.0,2301,"['@', 'I']",C
AAPL,2024-01-30 14:30:00.662060+00:00,D,190.873,200.0,2302,['@'],C
AAPL,2024-01-30 14:30:00.674603+00:00,D,190.87,1.0,2303,"['@', 'I']",C
AAPL,2024-01-30 14:30:00.676749+00:00,D,190.855,1.0,2304,"['@', 'I']",C
AAPL,2024-01-30 14:30:00.681426+00:00,D,190.855,1.0,2305,"['@', 'I']",C
AAPL,2024-01-30 14:30:00.684987+00:00,Z,190.88,1.0,321,"['@', 'I']",C
AAPL,2024-01-30 14:30:00.685398+00:00,P,190.86,100.0,3095,['@'],C
AAPL,2024-01-30 14:30:00.708267+00:00,D,190.94,1.0,2306,"['@', 'I']",C
AAPL,2024-01-30 14:30:00.721436+00:00,Q,190.88,10.0,3457,"['@', 'T', 'I']",C
AAPL,2024-01-30 14:30:00.728117+00:00,D,190.87,1.0,2307,"['@', 'I']",C
AAPL,2024-01-30 14:30:00.738928+00:00,D,190.855,1.0,2308,"['@', 'I']",C
AAPL,2024-01-30 14:30:00.740368+00:00,D,190.855,1.0,2309,"['@', 'I']",C
AAPL,2024-01-30 14:30:00.746851+00:00,D,190.94,1.0,2310,"['@', 'I']",C
AAPL,2024-01-30 14:30:00.760611+00:00,D,190.94,1.0,2311,"['@', 'I']",C
AAPL,2024-01-30 14:30:00.766062+00:00,D,190.875,1.0,2312,"['@', 'I']",C
AAPL,2024-01-30 14:30:00.783654+00:00,P,190.86,7.0,3096,"['@', 'I']",C
AAPL,2024-01-30 14:30:00.786553+00:00,K,190.86,2.0,2169,"['@', 'F', 'I']",C
AAPL,2024-01-30 14:30:00.792358+00:00,D,190.94,1.0,2313,"['@', 'I']",C
AAPL,2024-01-30 14:30:00.793096+00:00,D,190.94,1.0,2314,"['@', 'I']",C
AAPL,2024-01-30 14:30:00.813298+00:00,D,190.94,1.0,2315,"['@', 'I']",C
AAPL,2024-01-30 14:30:00.817505+00:00,D,190.875,1.0,2316,"['@', 'I']",C
AAPL,2024-01-30 14:30:00.846474+00:00,D,190.87,1.0,2317,"['@', '4', 'I']",C
AAPL,2024-01-30 14:30:00.848525+00:00,D,190.94,1.0,2318,"['@', 'I']",C
AAPL,2024-01-30 14:30:00.849434+00:00,K,190.86,24.0,2170,"['@', 'F', 'I']",C
AAPL,2024-01-30 14:30:00.849439+00:00,K,190.86,4.0,2171,"['@', 'F', 'I']",C
AAPL,2024-01-30 14:30:00.850951+00:00,D,190.95,1.0,2319,"['@', 'I']",C
AAPL,2024-01-30 14:30:00.862705+00:00,Q,190.88,1.0,3458,"['@', 'F', 'T', 'I']",C
AAPL,2024-01-30 14:30:00.864873+00:00,K,190.865,1.0,2172,"['@', 'I']",C
AAPL,2024-01-30 14:30:00.865566+00:00,D,190.87,1.0,2320,"['@', '4', 'I']",C
AAPL,2024-01-30 14:30:00.888820+00:00,K,190.86,18.0,2173,"['@', 'F', 'I']",C
AAPL,2024-01-30 14:30:00.888821+00:00,P,190.86,11.0,3097,"['@', 'F', 'I']",C
AAPL,2024-01-30 14:30:00.888843+00:00,K,190.86,32.0,2174,"['@', 'F', 'I']",C
AAPL,2024-01-30 14:30:00.888862+00:00,K,190.85,57.0,2175,"['@', 'F', 'I']",C
AAPL,2024-01-30 14:30:00.888867+00:00,Z,190.85,97.0,322,"['@', 'F', 'I']",C
AAPL,2024-01-30 14:30:00.888879+00:00,K,190.85,42.0,2176,"['@', 'F', 'I']",C
AAPL,2024-01-30 14:30:00.888900+00:00,U,190.86,10.0,146,"['@', 'F', 'I']",C
AAPL,2024-01-30 14:30:00.888900+00:00,U,190.86,40.0,147,"['@', 'F', 'I']",C
AAPL,2024-01-30 14:30:00.888900+00:00,U,190.86,5.0,148,"['@', 'F', 'I']",C
AAPL,2024-01-30 14:30:00.888906+00:00,U,190.85,10.0,149,"['@', 'F', 'I']",C
AAPL,2024-01-30 14:30:00.888910+00:00,U,190.85,100.0,150,"['@', 'F']",C
AAPL,2024-01-30 14:30:00.888947+00:00,P,190.86,65.0,3098,"['@', 'F', 'I']",C
AAPL,2024-01-30 14:30:00.888959+00:00,Z,190.85,3.0,323,"['@', 'F', 'I']",C
AAPL,2024-01-30 14:30:00.888990+00:00,K,190.86,50.0,2177,"['@', 'F', 'I']",C
AAPL,2024-01-30 14:30:00.889087+00:00,P,190.86,17.0,3099,"['@', 'F', 'I']",C
AAPL,2024-01-30 14:30:00.889215+00:00,K,190.85,50.0,2178,"['@', 'F', 'I']",C
AAPL,2024-01-30 14:30:00.889312+00:00,U,190.85,5.0,151,"['@', 'F', 'I']",C
AAPL,2024-01-30 14:30:00.889464+00:00,P,190.85,26.0,3100,"['@', 'F', 'I']",C
AAPL,2024-01-30 14:30:00.889465+00:00,P,190.85,8.0,3101,"['@', 'F', 'I']",C
AAPL,2024-01-30 14:30:00.889475+00:00,P,190.85,82.0,3102,"['@', 'F', 'I']",C
AAPL,2024-01-30 14:30:00.889491+00:00,P,190.85,10.0,3103,"['@', 'F', 'I']",C
AAPL,2024-01-30 14:30:00.889682+00:00,Q,190.85,50.0,3459,"['@', 'T', 'I']",C
AAPL,2024-01-30 14:30:00.889684+00:00,Q,190.85,25.0,3460,"['@', 'T', 'I']",C
AAPL,2024-01-30 14:30:00.889686+00:00,Q,190.85,4.0,3461,"['@', 'T', 'I']",C
AAPL,2024-01-30 14:30:00.889707+00:00,Q,190.85,16.0,3462,"['@', 'F', 'T', 'I']",C
AAPL,2024-01-30 14:30:00.889707+00:00,Q,190.85,31.0,3463,"['@', 'F', 'T', 'I']",C
AAPL,2024-01-30 14:30:00.889874+00:00,K,190.85,12.0,2179,"['@', 'F', 'I']",C
AAPL,2024-01-30 14:30:00.890022+00:00,Q,190.85,19.0,3464,"['@', 'T', 'I']",C
AAPL,2024-01-30 14:30:00.890039+00:00,K,190.85,5.0,2180,"['@', 'F', 'I']",C
AAPL,2024-01-30 14:30:00.890547+00:00,K,190.85,33.0,2181,"['@', 'F', 'I']",C
AAPL,2024-01-30 14:30:00.890553+00:00,Z,190.85,10.0,324,"['@', 'F', 'I']",C
AAPL,2024-01-30 14:30:00.890569+00:00,U,190.85,5.0,152,"['@', 'F', 'I']",C
AAPL,2024-01-30 14:30:00.890579+00:00,Z,190.85,48.0,325,"['@', 'F', 'I']",C
AAPL,2024-01-30 14:30:00.890687+00:00,Z,190.85,42.0,326,"['@', 'I']",C
AAPL,2024-01-30 14:30:00.890800+00:00,K,190.85,50.0,2182,"['@', 'I']",C
AAPL,2024-01-30 14:30:00.891062+00:00,K,190.85,7.0,2183,"['@', 'F', 'I']",C
AAPL,2024-01-30 14:30:00.891201+00:00,Z,190.85,29.0,327,"['@', 'F', 'I']",C
AAPL,2024-01-30 14:30:00.891245+00:00,U,190.85,10.0,153,"['@', 'F', 'I']",C
AAPL,2024-01-30 14:30:00.891383+00:00,D,190.875,1.0,2321,"['@', 'I']",C
AAPL,2024-01-30 14:30:00.892052+00:00,K,190.85,7.0,2184,"['@', 'F', 'I']",C
AAPL,2024-01-30 14:30:00.892071+00:00,K,190.85,4.0,2185,"['@', 'F', 'I']",C
AAPL,2024-01-30 14:30:00.892397+00:00,K,190.85,24.0,2186,"['@', 'F', 'I']",C
AAPL,2024-01-30 14:30:00.892644+00:00,U,190.85,10.0,154,"['@', 'F', 'I']",C
AAPL,2024-01-30 14:30:00.892651+00:00,K,190.85,8.0,2187,"['@', 'F', 'I']",C
AAPL,2024-01-30 14:30:00.892653+00:00,Z,190.85,31.0,328,"['@', 'F', 'I']",C
AAPL,2024-01-30 14:30:00.892683+00:00,Z,190.85,7.0,329,"['@', 'F', 'I']",C
AAPL,2024-01-30 14:30:00.892887+00:00,D,190.94,1.0,2322,"['@', 'I']",C
AAPL,2024-01-30 14:30:00.893024+00:00,N,190.86,1.0,7,"['@', 'I']",C
AAPL,2024-01-30 14:30:00.893032+00:00,K,190.85,25.0,2188,"['@', 'F', 'I']",C
AAPL,2024-01-30 14:30:00.895375+00:00,K,190.85,8.0,2189,"['@', 'F', 'I']",C
AAPL,2024-01-30 14:30:00.896151+00:00,U,190.85,10.0,155,"['@', 'F', 'I']",C
AAPL,2024-01-30 14:30:00.896151+00:00,U,190.85,1.0,156,"['@', 'F', 'I']",C
AAPL,2024-01-30 14:30:00.896157+00:00,K,190.85,17.0,2190,"['@', 'F', 'I']",C
AAPL,2024-01-30 14:30:00.896160+00:00,Z,190.85,10.0,330,"['@', 'F', 'I']",C
AAPL,2024-01-30 14:30:00.896309+00:00,K,190.85,7.0,2191,"['@', 'F', 'I']",C
AAPL,2024-01-30 14:30:00.896362+00:00,Z,190.85,23.0,331,"['@', 'F', 'I']",C
AAPL,2024-01-30 14:30:00.896528+00:00,U,190.85,10.0,157,"['@', 'F', 'I']",C
AAPL,2024-01-30 14:30:00.896599+00:00,K,190.85,43.0,2192,"['@', 'F', 'I']",C
AAPL,2024-01-30 14:30:00.897127+00:00,U,190.85,10.0,158,"['@', 'F', 'I']",C
AAPL,2024-01-30 14:30:00.897140+00:00,K,190.85,50.0,2193,"['@', 'F', 'I']",C
AAPL,2024-01-30 14:30:00.897150+00:00,Z,190.85,2.0,332,"['@', 'F', 'I']",C
AAPL,2024-01-30 14:30:00.897352+00:00,K,190.85,50.0,2194,"['@', 'I']",C
AAPL,2024-01-30 14:30:00.897405+00:00,Z,190.85,98.0,333,"['@', 'F', 'I']",C
AAPL,2024-01-30 14:30:00.897572+00:00,U,190.85,10.0,159,"['@', 'F', 'I']",C
AAPL,2024-01-30 14:30:00.897600+00:00,K,190.85,50.0,2195,"['@', 'F', 'I']",C
AAPL,2024-01-30 14:30:00.900210+00:00,Q,190.85,50.0,3465,"['@', 'T', 'I']",C
AAPL,2024-01-30 14:30:00.900732+00:00,P,190.85,100.0,3104,['@'],C
AAPL,2024-01-30 14:30:00.906641+00:00,K,190.85,5.0,2196,"['@', 'F', 'I']",C
AAPL,2024-01-30 14:30:00.906993+00:00,U,190.85,10.0,160,"['@', 'F', 'I']",C
AAPL,2024-01-30 14:30:00.906998+00:00,K,190.85,45.0,2197,"['@', 'F', 'I']",C
AAPL,2024-01-30 14:30:00.907003+00:00,Z,190.85,100.0,334,"['@', 'F']",C
AAPL,2024-01-30 14:30:00.911663+00:00,Q,190.84,532597.0,3466,"['@', 'O', 'X']",C
AAPL,2024-01-30 14:30:00.912336+00:00,Q,190.84,532597.0,3467,"['@', 'Q']",C
AAPL,2024-01-30 14:30:00.912455+00:00,Q,190.84,1.0,3468,"['@', 'I']",C
AAPL,2024-01-30 14:30:00.912457+00:00,Q,190.84,100.0,3469,['@'],C
AAPL,2024-01-30 14:30:00.912470+00:00,Q,190.85,3.0,3470,"['@', 'F', 'I']",C
AAPL,2024-01-30 14:30:00.912583+00:00,P,190.84,100.0,3105,['@'],C
AAPL,2024-01-30 14:30:00.912583+00:00,P,190.84,100.0,3106,['@'],C
AAPL,2024-01-30 14:30:00.912991+00:00,Z,190.85,5.0,335,"['@', 'I']",C
AAPL,2024-01-30 14:30:00.914210+00:00,Q,190.85,2.0,3471,"['@', 'F', 'I']",C
AAPL,2024-01-30 14:30:00.917479+00:00,Q,190.85,48.0,3472,"['@', 'F', 'I']",C
AAPL,2024-01-30 14:30:00.917481+00:00,Q,190.85,8.0,3473,"['@', 'F', 'I']",C
AAPL,2024-01-30 14:30:00.917483+00:00,Q,190.85,100.0,3474,"['@', 'F']",C
AAPL,2024-01-30 14:30:00.917486+00:00,Q,190.85,42.0,3475,"['@', 'F', 'I']",C
AAPL,2024-01-30 14:30:00.917495+00:00,Q,190.85,2.0,3476,"['@', 'F', 'I']",C
AAPL,2024-01-30 14:30:00.918765+00:00,Q,190.85,21.0,3477,"['@', 'F', 'I']",C
AAPL,2024-01-30 14:30:00.920729+00:00,Z,190.85,5.0,336,"['@', 'I']",C
AAPL,2024-01-30 14:30:00.920816+00:00,K,190.85,5.0,2198,"['@', 'I']",C
AAPL,2024-01-30 14:30:00.922978+00:00,Z,190.85,8.0,337,"['@', 'I']",C
AAPL,2024-01-30 14:30:00.922990+00:00,Q,190.83,79.0,3478,"['@', 'F', 'I']",C
AAPL,2024-01-30 14:30:00.922993+00:00,Q,190.83,21.0,3479,"['@', 'F', 'I']",C
AAPL,2024-01-30 14:30:00.923019+00:00,Q,190.83,29.0,3480,"['@', 'I']",C
AAPL,2024-01-30 14:30:00.923021+00:00,Q,190.83,100.0,3481,['@'],C
AAPL,2024-01-30 14:30:00.923043+00:00,X,190.84,3.0,7,"['@', 'I']",C
AAPL,2024-01-30 14:30:00.923096+00:00,Q,190.83,1.0,3482,"['@', 'F', 'I']",C
AAPL,2024-01-30 14:30:00.923276+00:00,U,190.83,10.0,161,"['@', 'I']",C
AAPL,2024-01-30 14:30:00.923315+00:00,K,190.83,4.0,2199,"['@', 'F', 'I']",C
AAPL,2024-01-30 14:30:00.923333+00:00,J,190.84,20.0,13,"['@', 'I']",C
AAPL,2024-01-30 14:30:00.923374+00:00,J,190.85,4.0,14,"['@', 'I']",C
AAPL,2024-01-30 14:30:00.923378+00:00,K,190.83,9.0,2200,"['@', 'F', 'I']",C
AAPL,2024-01-30 14:30:00.923549+00:00,P,190.83,100.0,3107,['@'],C
AAPL,2024-01-30 14:30:00.923549+00:00,P,190.83,100.0,3108,['@'],C
AAPL,2024-01-30 14:30:00.923606+00:00,D,190.84,2.0,2323,"['@', 'I']",C
AAPL,2024-01-30 14:30:00.923634+00:00,D,190.84,40.0,2324,"['@', 'I']",C
AAPL,2024-01-30 14:30:00.923704+00:00,K,190.84,100.0,2201,['@'],C
AAPL,2024-01-30 14:30:00.923707+00:00,K,190.84,100.0,2202,['@'],C
AAPL,2024-01-30 14:30:00.923743+00:00,K,190.85,50.0,2203,"['@', 'I']",C
AAPL,2024-01-30 14:30:00.923767+00:00,Q,190.83,2.0,3483,"['@', 'F', 'I']",C
AAPL,2024-01-30 14:30:00.923772+00:00,Q,190.83,1.0,3484,"['@', 'F', 'I']",C
AAPL,2024-01-30 14:30:00.923783+00:00,Z,190.85,100.0,338,['@'],C
AAPL,2024-01-30 14:30:00.923918+00:00,D,190.86,131.0,2325,['@'],C
AAPL,2024-01-30 14:30:00.923988+00:00,Z,190.84,2.0,339,"['@', 'I']",C
AAPL,2024-01-30 14:30:00.924196+00:00,K,190.85,25.0,2204,"['@', 'I']",C
AAPL,2024-01-30 14:30:00.924241+00:00,Q,190.84,14.0,3485,"['@', 'I']",C
AAPL,2024-01-30 14:30:00.924259+00:00,N,190.84,2.0,8,"['@', 'I']",C
AAPL,2024-01-30 14:30:00.924400+00:00,Q,190.84,1.0,3486,"['@', 'I']",C
AAPL,2024-01-30 14:30:00.924501+00:00,Q,190.84,27.0,3487,"['@', 'I']",C
AAPL,2024-01-30 14:30:00.924712+00:00,Q,190.84,9.0,3488,"['@', 'I']",C
AAPL,2024-01-30 14:30:00.924845+00:00,Y,190.84,16.0,23,"['@', 'I']",C
AAPL,2024-01-30 14:30:00.925085+00:00,D,190.84,29.0,2326,"['@', 'I']",C
AAPL,2024-01-30 14:30:00.925558+00:00,D,190.85,2.0,2327,"['@', 'I']",C
AAPL,2024-01-30 14:30:00.925585+00:00,K,190.84,50.0,2205,"['@', 'F', 'I']",C
AAPL,2024-01-30 14:30:00.925591+00:00,K,190.83,50.0,2206,"['@', 'F', 'I']",C
AAPL,2024-01-30 14:30:00.925822+00:00,D,190.86,10.0,2328,"['@', 'I']",C
AAPL,2024-01-30 14:30:00.925891+00:00,P,190.86,5.0,3109,"['@', 'I']",C
AAPL,2024-01-30 14:30:00.925929+00:00,Y,190.86,11.0,24,"['@', 'I']",C
AAPL,2024-01-30 14:30:00.925972+00:00,Y,190.86,25.0,25,"['@', 'I']",C
AAPL,2024-01-30 14:30:00.926172+00:00,Y,190.86,2.0,26,"['@', 'I']",C
AAPL,2024-01-30 14:30:00.926218+00:00,Y,190.86,45.0,27,"['@', 'I']",C
AAPL,2024-01-30 14:30:00.926237+00:00,Q,190.84,3.0,3489,"['@', 'I']",C
AAPL,2024-01-30 14:30:00.926354+00:00,Q,190.85,79.0,3490,"['@', 'I']",C
AAPL,2024-01-30 14:30:00.926437+00:00,P,190.86,100.0,3110,['@'],C
AAPL,2024-01-30 14:30:00.926867+00:00,Y,190.86,100.0,28,['@'],C
AAPL,2024-01-30 14:30:00.926952+00:00,Q,190.85,5.0,3491,"['@', 'F', 'I']",C
AAPL,2024-01-30 14:30:00.927308+00:00,Z,190.83,100.0,340,"['@', 'F']",C
AAPL,2024-01-30 14:30:00.927310+00:00,Q,190.85,12.0,3492,"['@', 'F', 'I']",C
AAPL,2024-01-30 14:30:00.927312+00:00,Q,190.85,46.0,3493,"['@', 'F', 'I']",C
AAPL,2024-01-30 14:30:00.927314+00:00,Q,190.85,16.0,3494,"['@', 'F', 'I']",C
AAPL,2024-01-30 14:30:00.927379+00:00,B,190.85,4.0,23,"['@', 'I']",C
AAPL,2024-01-30 14:30:00.927391+00:00,J,190.85,20.0,15,"['@', 'I']",C
AAPL,2024-01-30 14:30:00.927404+00:00,Y,190.86,36.0,29,"['@', 'I']",C
AAPL,2024-01-30 14:30:00.927408+00:00,U,190.85,10.0,162,"['@', 'I']",C
AAPL,2024-01-30 14:30:00.927411+00:00,K,190.85,50.0,2207,"['@', 'F', 'I']",C
AAPL,2024-01-30 14:30:00.927480+00:00,K,190.84,50.0,2208,"['@', 'I']",C
AAPL,2024-01-30 14:30:00.927486+00:00,K,190.84,50.0,2209,"['@', 'I']",C
AAPL,2024-01-30 14:30:00.927550+00:00,Z,190.85,5.0,341,"['@', 'I']",C
AAPL,2024-01-30 14:30:00.927559+00:00,Z,190.85,9.0,342,"['@', 'I']",C
AAPL,2024-01-30 14:30:00.927666+00:00,D,190.85,53.0,2329,"['@', 'I']",C
AAPL,2024-01-30 14:30:00.927744+00:00,U,190.85,10.0,163,"['@', 'F', 'I']",C
AAPL,2024-01-30 14:30:00.927791+00:00,Q,190.86,8.0,3495,"['@', 'F', 'I']",C
AAPL,2024-01-30 14:30:00.927816+00:00,D,190.85,1.0,2330,"['@', 'I']",C
AAPL,2024-01-30 14:30:00.927841+00:00,K,190.85,50.0,2210,"['@', 'F', 'I']",C
AAPL,2024-01-30 14:30:00.927843+00:00,U,190.85,5.0,164,"['@', 'F', 'I']",C
AAPL,2024-01-30 14:30:00.927843+00:00,U,190.85,6.0,165,"['@', 'F', 'I']",C
AAPL,2024-01-30 14:30:00.927860+00:00,Q,190.86,2.0,3496,"['@', 'F', 'I']",C
AAPL,2024-01-30 14:30:00.927861+00:00,Q,190.86,48.0,3497,"['@', 'F', 'I']",C
AAPL,2024-01-30 14:30:00.927913+00:00,D,190.84,25.0,2331,"['@', 'I']",C
AAPL,2024-01-30 14:30:00.927917+00:00,U,190.85,3.0,166,"['@', 'F', 'I']",C
AAPL,2024-01-30 14:30:00.927917+00:00,U,190.85,4.0,167,"['@', 'F', 'I']",C
AAPL,2024-01-30 14:30:00.927917+00:00,U,190.85,10.0,168,"['@', 'F', 'I']",C
AAPL,2024-01-30 14:30:00.927946+00:00,Q,190.86,36.0,3498,"['@', 'I']",C
AAPL,2024-01-30 14:30:00.928195+00:00,Q,190.85,81.0,3499,"['@', 'I']",C
AAPL,2024-01-30 14:30:00.928226+00:00,Z,190.85,100.0,343,['@'],C
AAPL,2024-01-30 14:30:00.928257+00:00,Z,190.87,50.0,344,"['@', 'I']",C
AAPL,2024-01-30 14:30:00.928266+00:00,K,190.87,50.0,2211,"['@', 'I']",C
AAPL,2024-01-30 14:30:00.928278+00:00,K,190.87,25.0,2212,"['@', 'I']",C
AAPL,2024-01-30 14:30:00.928278+00:00,Z,190.87,100.0,345,['@'],C
AAPL,2024-01-30 14:30:00.928290+00:00,D,190.85,5.0,1408,"['@', 'I']",C
AAPL,2024-01-30 14:30:00.928291+00:00,K,190.87,25.0,2213,"['@', 'I']",C
AAPL,2024-01-30 14:30:00.928466+00:00,K,190.86,2.0,2214,"['@', 'F', 'I']",C
AAPL,2024-01-30 14:30:00.928487+00:00,Z,190.86,2.0,346,"['@', 'F', 'I']",C
AAPL,2024-01-30 14:30:00.928493+00:00,B,190.86,4.0,24,"['@', 'I']",C
AAPL,2024-01-30 14:30:00.928512+00:00,K,190.86,7.0,2215,"['@', 'F', 'I']",C
AAPL,2024-01-30 14:30:00.928536+00:00,U,190.86,3.0,169,"['@', 'F', 'I']",C
AAPL,2024-01-30 14:30:00.928606+00:00,P,190.87,100.0,3111,['@'],C
AAPL,2024-01-30 14:30:00.928645+00:00,H,190.86,3.0,3,"['@', 'F', 'I']",C
AAPL,2024-01-30 14:30:00.928703+00:00,Z,190.85,100.0,347,['@'],C
AAPL,2024-01-30 14:30:00.928784+00:00,P,190.86,1.0,3112,"['@', 'I']",C
AAPL,2024-01-30 14:30:00.928797+00:00,N,190.86,2.0,9,"['@', 'I']",C
AAPL,2024-01-30 14:30:00.928821+00:00,U,190.86,10.0,170,"['@', 'F', 'I']",C
AAPL,2024-01-30 14:30:00.928899+00:00,U,190.86,4.0,171,"['@', 'F', 'I']",C
AAPL,2024-01-30 14:30:00.928906+00:00,K,190.85,4.0,2216,"['@', 'F', 'I']",C
AAPL,2024-01-30 14:30:00.929011+00:00,Z,190.86,7.0,348,"['@', 'F', 'I']",C
AAPL,2024-01-30 14:30:00.929084+00:00,K,190.85,14.0,2217,"['@', 'F', 'I']",C
AAPL,2024-01-30 14:30:00.929140+00:00,K,190.85,23.0,2218,"['@', 'F', 'I']",C
AAPL,2024-01-30 14:30:00.929184+00:00,Q,190.86,100.0,3500,['@'],C
AAPL,2024-01-30 14:30:00.929262+00:00,Q,190.85,100.0,3501,['@'],C
AAPL,2024-01-30 14:30:00.929525+00:00,K,190.85,9.0,2219,"['@', 'I']",C
AAPL,2024-01-30 14:30:00.929540+00:00,Z,190.85,100.0,349,['@'],C
AAPL,2024-01-30 14:30:00.929822+00:00,U,190.85,6.0,172,"['@', 'F', 'I']",C
AAPL,2024-01-30 14:30:00.929866+00:00,D,190.84,17.0,2332,"['@', 'I']",C
AAPL,2024-01-30 14:30:00.930564+00:00,K,190.85,22.0,2220,"['@', 'F', 'I']",C
AAPL,2024-01-30 14:30:00.930666+00:00,Q,190.87,2.0,3502,"['@', 'F', 'I']",C
AAPL,2024-01-30 14:30:00.930669+00:00,Q,190.87,3.0,3503,"['@', 'F', 'I']",C
AAPL,2024-01-30 14:30:00.931701+00:00,Q,190.87,1.0,3504,"['@', 'F', 'I']",C
AAPL,2024-01-30 14:30:00.932195+00:00,Q,190.85,3.0,3505,"['@', 'F', 'I']",C
AAPL,2024-01-30 14:30:00.932201+00:00,D,190.87,1.0,2333,"['@', '4', 'I']",C
AAPL,2024-01-30 14:30:00.932216+00:00,X,190.86,3.0,8,"['@', 'I']",C
AAPL,2024-01-30 14:30:00.932514+00:00,Z,190.85,100.0,350,"['@', 'F']",C
AAPL,2024-01-30 14:30:00.932517+00:00,K,190.85,28.0,2221,"['@', 'F', 'I']",C
AAPL,2024-01-30 14:30:00.932681+00:00,D,190.85,68.0,2334,"['@', 'I']",C
AAPL,2024-01-30 14:30:00.932783+00:00,U,190.85,4.0,173,"['@', 'F', 'I']",C
AAPL,2024-01-30 14:30:00.933179+00:00,D,190.85,26.0,2335,"['@', 'I']",C
AAPL,2024-01-30 14:30:00.933285+00:00,K,190.85,25.0,2222,"['@', 'F', 'I']",C
AAPL,2024-01-30 14:30:00.933511+00:00,K,190.85,25.0,2223,"['@', 'I']",C
AAPL,2024-01-30 14:30:00.933668+00:00,Q,190.85,3.0,3506,"['@', 'F', 'I']",C
AAPL,2024-01-30 14:30:00.933669+00:00,Q,190.85,1.0,3507,"['@', 'F', 'I']",C
AAPL,2024-01-30 14:30:00.933671+00:00,Q,190.85,24.0,3508,"['@', 'F', 'I']",C
AAPL,2024-01-30 14:30:00.933726+00:00,D,190.87,15.0,2336,"['@', 'I']",C
AAPL,2024-01-30 14:30:00.933944+00:00,Z,190.85,100.0,351,"['@', 'F']",C
AAPL,2024-01-30 14:30:00.933955+00:00,K,190.85,50.0,2224,"['@', 'F', 'I']",C
AAPL,2024-01-30 14:30:00.934020+00:00,Q,190.86,100.0,3509,['@'],C
AAPL,2024-01-30 14:30:00.934185+00:00,U,190.85,10.0,174,"['@', 'F', 'I']",C
AAPL,2024-01-30 14:30:00.934281+00:00,Z,190.85,100.0,352,"['@', 'F']",C
AAPL,2024-01-30 14:30:00.934647+00:00,Q,190.85,100.0,3510,"['@', 'F']",C
AAPL,2024-01-30 14:30:00.935179+00:00,Z,190.85,32.0,353,"['@', 'I']",C
AAPL,2024-01-30 14:30:00.935245+00:00,Q,190.86,100.0,3511,['@'],C
AAPL,2024-01-30 14:30:00.935306+00:00,K,190.85,3.0,2225,"['@', 'F', 'I']",C
AAPL,2024-01-30 14:30:00.935408+00:00,K,190.85,1.0,2226,"['@', 'F', 'I']",C
AAPL,2024-01-30 14:30:00.935543+00:00,K,190.85,46.0,2227,"['@', 'F', 'I']",C
AAPL,2024-01-30 14:30:00.936280+00:00,Z,190.85,68.0,354,"['@', 'F', 'I']",C
AAPL,2024-01-30 14:30:00.936344+00:00,Q,190.86,214.0,3512,['@'],C
AAPL,2024-01-30 14:30:00.936589+00:00,X,190.86,2.0,9,"['@', 'I']",C
AAPL,2024-01-30 14:30:00.936593+00:00,B,190.86,4.0,25,"['@', 'I']",C
AAPL,2024-01-30 14:30:00.936596+00:00,B,190.86,1.0,26,"['@', 'I']",C
AAPL,2024-01-30 14:30:00.936618+00:00,U,190.85,10.0,175,"['@', 'F', 'I']",C
AAPL,2024-01-30 14:30:00.937322+00:00,D,190.85,12.0,2337,"['@', 'I']",C
AAPL,2024-01-30 14:30:00.938630+00:00,Z,190.85,30.0,355,"['@', 'F', 'I']",C
AAPL,2024-01-30 14:30:00.938644+00:00,Z,190.85,8.0,356,"['@', 'F', 'I']",C
AAPL,2024-01-30 14:30:00.939060+00:00,Z,190.85,62.0,357,"['@', 'F', 'I']",C
AAPL,2024-01-30 14:30:00.939068+00:00,Z,190.85,38.0,358,"['@', 'F', 'I']",C
AAPL,2024-01-30 14:30:00.939841+00:00,U,190.87,5.0,176,"['@', 'F', 'I']",C
AAPL,2024-01-30 14:30:00.940062+00:00,U,190.86,4.0,177,"['@', 'F', 'I']",C
AAPL,2024-01-30 14:30:00.942391+00:00,D,190.88,130.0,2338,['@'],C
AAPL,2024-01-30 14:30:00.944538+00:00,N,190.87,1.0,10,"['@', 'I']",C
AAPL,2024-01-30 14:30:00.944607+00:00,N,190.87,1.0,11,"['@', 'I']",C
AAPL,2024-01-30 14:30:00.944680+00:00,N,190.87,1.0,12,"['@', 'I']",C
AAPL,2024-01-30 14:30:00.944750+00:00,N,190.87,1.0,13,"['@', 'I']",C
AAPL,2024-01-30 14:30:00.944851+00:00,V,190.87,41.0,38,"['@', 'I']",C
AAPL,2024-01-30 14:30:00.944882+00:00,Z,190.86,17.0,359,"['@', 'F', 'I']",C
AAPL,2024-01-30 14:30:00.946609+00:00,Z,190.86,159.0,360,"['@', 'F']",C
AAPL,2024-01-30 14:30:00.946623+00:00,Z,190.86,100.0,361,"['@', 'F']",C
AAPL,2024-01-30 14:30:00.946890+00:00,U,190.86,10.0,178,"['@', 'F', 'I']",C
AAPL,2024-01-30 14:30:00.946890+00:00,U,190.86,3.0,179,"['@', 'F', 'I']",C
AAPL,2024-01-30 14:30:00.947038+00:00,K,190.85,25.0,2228,"['@', 'I']",C
AAPL,2024-01-30 14:30:00.947207+00:00,X,190.86,2.0,10,"['@', 'I']",C
AAPL,2024-01-30 14:30:00.947245+00:00,U,190.85,10.0,180,"['@', 'F', 'I']",C
AAPL,2024-01-30 14:30:00.947253+00:00,K,190.85,25.0,2229,"['@', 'F', 'I']",C
AAPL,2024-01-30 14:30:00.947257+00:00,Z,190.85,23.0,362,"['@', 'F', 'I']",C
AAPL,2024-01-30 14:30:00.947273+00:00,Z,190.85,9.0,363,"['@', 'F', 'I']",C
AAPL,2024-01-30 14:30:00.947327+00:00,X,190.86,1.0,11,"['@', 'I']",C
AAPL,2024-01-30 14:30:00.947423+00:00,K,190.85,50.0,2230,"['@', 'F', 'I']",C
AAPL,2024-01-30 14:30:00.947649+00:00,U,190.85,10.0,181,"['@', 'F', 'I']",C
AAPL,2024-01-30 14:30:00.947651+00:00,Z,190.85,15.0,364,"['@', 'F', 'I']",C
AAPL,2024-01-30 14:30:00.947750+00:00,Z,190.85,53.0,365,"['@', 'F', 'I']",C
AAPL,2024-01-30 14:30:00.947766+00:00,K,190.85,50.0,2231,"['@', 'F', 'I']",C
AAPL,2024-01-30 14:30:00.948230+00:00,B,190.86,1.0,27,"['@', 'I']",C
AAPL,2024-01-30 14:30:00.948271+00:00,U,190.85,2.0,182,"['@', 'F', 'I']",C
AAPL,2024-01-30 14:30:00.948272+00:00,U,190.85,1.0,183,"['@', 'F', 'I']",C
AAPL,2024-01-30 14:30:00.948272+00:00,U,190.85,10.0,184,"['@', 'F', 'I']",C
AAPL,2024-01-30 14:30:00.948318+00:00,Y,190.86,13.0,30,"['@', 'I']",C
AAPL,2024-01-30 14:30:00.948322+00:00,J,190.86,12.0,16,"['@', 'I']",C
AAPL,2024-01-30 14:30:00.949299+00:00,Z,190.85,100.0,366,"['@', 'F']",C
AAPL,2024-01-30 14:30:00.949467+00:00,K,190.85,50.0,2232,"['@', 'F', 'I']",C
AAPL,2024-01-30 14:30:00.949650+00:00,U,190.85,10.0,185,"['@', 'F', 'I']",C
AAPL,2024-01-30 14:30:00.949650+00:00,U,190.85,13.0,186,"['@', 'F', 'I']",C
AAPL,2024-01-30 14:30:00.949650+00:00,U,190.85,12.0,187,"['@', 'F', 'I']",C
AAPL,2024-01-30 14:30:00.949650+00:00,U,190.85,1.0,188,"['@', 'F', 'I']",C
AAPL,2024-01-30 14:30:00.949733+00:00,K,190.85,20.0,2233,"['@', 'I']",C
AAPL,2024-01-30 14:30:00.950235+00:00,X,190.86,2.0,12,"['@', 'I']",C
AAPL,2024-01-30 14:30:00.950274+00:00,K,190.85,17.0,2234,"['@', 'F', 'I']",C
AAPL,2024-01-30 14:30:00.950275+00:00,U,190.85,10.0,189,"['@', 'F', 'I']",C
AAPL,2024-01-30 14:30:00.950289+00:00,Z,190.85,20.0,367,"['@', 'F', 'I']",C
AAPL,2024-01-30 14:30:00.950359+00:00,K,190.85,13.0,2235,"['@', 'F', 'I']",C
AAPL,2024-01-30 14:30:00.950456+00:00,Z,190.85,80.0,368,"['@', 'F', 'I']",C
AAPL,2024-01-30 14:30:00.950509+00:00,U,190.85,10.0,190,"['@', 'F', 'I']",C
AAPL,2024-01-30 14:30:00.950572+00:00,K,190.85,41.0,2236,"['@', 'F', 'I']",C
AAPL,2024-01-30 14:30:00.950643+00:00,Z,190.85,31.0,369,"['@', 'F', 'I']",C
AAPL,2024-01-30 14:30:00.950681+00:00,K,190.85,9.0,2237,"['@', 'F', 'I']",C
AAPL,2024-01-30 14:30:00.950684+00:00,K,190.84,14.0,2238,"['@', 'F', 'I']",C
AAPL,2024-01-30 14:30:00.950709+00:00,K,190.84,10.0,2239,"['@', 'F', 'I']",C
AAPL,2024-01-30 14:30:00.950853+00:00,X,190.85,1.0,13,"['@', 'I']",C
AAPL,2024-01-30 14:30:00.950858+00:00,B,190.85,2.0,28,"['@', 'I']",C
AAPL,2024-01-30 14:30:00.950897+00:00,U,190.85,2.0,191,"['@', 'F', 'I']",C
AAPL,2024-01-30 14:30:00.950897+00:00,U,190.85,10.0,192,"['@', 'F', 'I']",C
AAPL,2024-01-30 14:30:00.950950+00:00,J,190.85,8.0,17,"['@', 'I']",C
AAPL,2024-01-30 14:30:00.950954+00:00,J,190.85,5.0,18,"['@', 'I']",C
AAPL,2024-01-30 14:30:00.950963+00:00,Y,190.85,5.0,31,"['@', 'I']",C
AAPL,2024-01-30 14:30:00.950981+00:00,Z,190.85,1.0,370,"['@', 'F', 'I']",C
AAPL,2024-01-30 14:30:00.951127+00:00,D,190.87,1.0,2339,"['@', '4', 'I']",C
AAPL,2024-01-30 14:30:00.951515+00:00,Z,190.85,59.0,371,"['@', 'F', 'I']",C
AAPL,2024-01-30 14:30:00.952176+00:00,D,190.85,1.0,2340,"['@', 'I']",C
AAPL,2024-01-30 14:30:00.953152+00:00,K,190.85,48.0,2240,"['@', 'F', 'I']",C
AAPL,2024-01-30 14:30:00.953243+00:00,D,190.85,42.0,2341,"['@', 'I']",C
AAPL,2024-01-30 14:30:00.955802+00:00,Q,190.87,4.0,3513,"['@', 'F', 'I']",C
AAPL,2024-01-30 14:30:00.956874+00:00,D,190.85,42.0,2342,"['@', 'I']",C
AAPL,2024-01-30 14:30:00.957803+00:00,U,190.85,22.0,193,"['@', 'F', 'I']",C
AAPL,2024-01-30 14:30:00.957803+00:00,U,190.85,10.0,194,"['@', 'F', 'I']",C
AAPL,2024-01-30 14:30:00.957803+00:00,K,190.85,2.0,2241,"['@', 'F', 'I']",C
AAPL,2024-01-30 14:30:00.957809+00:00,Z,190.85,9.0,372,"['@', 'F', 'I']",C
AAPL,2024-01-30 14:30:00.957941+00:00,Q,190.84,54.0,3514,"['@', 'F', 'I']",C
AAPL,2024-01-30 14:30:00.958908+00:00,D,190.8422,200.0,2343,['@'],C
AAPL,2024-01-30 14:30:00.961133+00:00,K,190.84,1.0,2242,"['@', 'I']",C
AAPL,2024-01-30 14:30:00.961549+00:00,Y,190.88,100.0,32,['@'],C
AAPL,2024-01-30 14:30:00.962238+00:00,D,190.85,1.0,2344,"['@', 'I']",C
AAPL,2024-01-30 14:30:00.962295+00:00,U,190.87,50.0,195,"['@', 'F', 'I']",C
AAPL,2024-01-30 14:30:00.962309+00:00,Q,190.86,12.0,3515,"['@', 'I']",C
AAPL,2024-01-30 14:30:00.962478+00:00,K,190.86,13.0,2243,"['@', 'I']",C
AAPL,2024-01-30 14:30:00.962916+00:00,Z,190.88,100.0,373,"['@', 'F']",C
AAPL,2024-01-30 14:30:00.962920+00:00,Z,190.88,59.0,374,"['@', 'F', 'I']",C
AAPL,2024-01-30 14:30:00.963346+00:00,U,190.86,10.0,196,"['@', 'F', 'I']",C
AAPL,2024-01-30 14:30:00.965863+00:00,D,190.86,38.0,2345,"['@', 'I']",C
AAPL,2024-01-30 14:30:00.967505+00:00,B,190.85,1.0,29,"['@', 'I']",C
AAPL,2024-01-30 14:30:00.967521+00:00,K,190.84,49.0,2244,"['@', 'I']",C
AAPL,2024-01-30 14:30:00.967529+00:00,K,190.84,1.0,2245,"['@', 'I']",C
AAPL,2024-01-30 14:30:00.967602+00:00,J,190.85,2.0,19,"['@', 'I']",C
AAPL,2024-01-30 14:30:00.967608+00:00,Y,190.85,2.0,33,"['@', 'I']",C
AAPL,2024-01-30 14:30:00.967622+00:00,B,190.85,3.0,30,"['@', 'I']",C
AAPL,2024-01-30 14:30:00.967637+00:00,U,190.84,10.0,197,"['@', 'I']",C
AAPL,2024-01-30 14:30:00.967707+00:00,K,190.84,50.0,2246,"['@', 'I']",C
AAPL,2024-01-30 14:30:00.967712+00:00,Z,190.84,100.0,375,['@'],C
AAPL,2024-01-30 14:30:00.967778+00:00,U,190.84,10.0,198,"['@', 'F', 'I']",C
AAPL,2024-01-30 14:30:00.967794+00:00,B,190.84,4.0,31,"['@', 'I']",C
AAPL,2024-01-30 14:30:00.967797+00:00,B,190.84,2.0,32,"['@', 'I']",C
AAPL,2024-01-30 14:30:00.967826+00:00,Q,190.84,2.0,3516,"['@', 'F', 'I']",C
AAPL,2024-01-30 14:30:00.967883+00:00,J,190.84,7.0,20,"['@', 'I']",C
AAPL,2024-01-30 14:30:00.967890+00:00,Y,190.84,7.0,34,"['@', 'I']",C
AAPL,2024-01-30 14:30:00.967994+00:00,P,190.85,1.0,3113,"['@', 'I']",C
AAPL,2024-01-30 14:30:00.968177+00:00,U,190.84,10.0,199,"['@', 'I']",C
AAPL,2024-01-30 14:30:00.968206+00:00,U,190.84,2.0,200,"['@', 'I']",C
AAPL,2024-01-30 14:30:00.968206+00:00,U,190.84,2.0,201,"['@', 'I']",C
AAPL,2024-01-30 14:30:00.968206+00:00,U,190.84,2.0,202,"['@', 'I']",C
AAPL,2024-01-30 14:30:00.968512+00:00,K,190.84,50.0,2247,"['@', 'I']",C
AAPL,2024-01-30 14:30:00.968525+00:00,U,190.84,10.0,203,"['@', 'I']",C
AAPL,2024-01-30 14:30:00.968557+00:00,Z,190.84,100.0,376,['@'],C
AAPL,2024-01-30 14:30:00.968570+00:00,Z,190.84,25.0,377,"['@', 'I']",C
AAPL,2024-01-30 14:30:00.968575+00:00,J,190.85,16.0,21,"['@', 'I']",C
AAPL,2024-01-30 14:30:00.968578+00:00,Y,190.85,15.0,35,"['@', 'I']",C
AAPL,2024-01-30 14:30:00.968870+00:00,U,190.84,10.0,204,"['@', 'I']",C
AAPL,2024-01-30 14:30:00.968891+00:00,U,190.84,15.0,205,"['@', 'I']",C
AAPL,2024-01-30 14:30:00.968891+00:00,U,190.84,16.0,206,"['@', 'I']",C
AAPL,2024-01-30 14:30:00.968921+00:00,K,190.84,12.0,2248,"['@', 'F', 'I']",C
AAPL,2024-01-30 14:30:00.969309+00:00,Y,190.84,136.0,36,['@'],C
AAPL,2024-01-30 14:30:00.971808+00:00,Q,190.86,10.0,3517,"['@', 'I']",C
AAPL,2024-01-30 14:30:00.971894+00:00,U,190.84,6.0,207,"['@', 'F', 'I']",C
AAPL,2024-01-30 14:30:00.971917+00:00,K,190.84,38.0,2249,"['@', 'F', 'I']",C
AAPL,2024-01-30 14:30:00.972076+00:00,X,190.85,2.0,14,"['@', 'I']",C
AAPL,2024-01-30 14:30:00.972078+00:00,B,190.84,3.0,33,"['@', 'I']",C
AAPL,2024-01-30 14:30:00.972117+00:00,U,190.84,4.0,208,"['@', 'F', 'I']",C
AAPL,2024-01-30 14:30:00.972128+00:00,Z,190.84,4.0,378,"['@', 'F', 'I']",C
AAPL,2024-01-30 14:30:00.972175+00:00,J,190.84,7.0,22,"['@', 'I']",C
AAPL,2024-01-30 14:30:00.972316+00:00,Q,190.84,10.0,3518,"['@', 'I']",C
AAPL,2024-01-30 14:30:00.972477+00:00,K,190.84,50.0,2250,"['@', 'I']",C
AAPL,2024-01-30 14:30:00.972479+00:00,Z,190.84,96.0,379,"['@', 'I']",C
AAPL,2024-01-30 14:30:00.974299+00:00,Z,190.84,29.0,380,"['@', 'F', 'I']",C
AAPL,2024-01-30 14:30:00.974300+00:00,K,190.84,50.0,2251,"['@', 'F', 'I']",C
AAPL,2024-01-30 14:30:00.974311+00:00,U,190.84,10.0,209,"['@', 'F', 'I']",C
AAPL,2024-01-30 14:30:00.974312+00:00,U,190.84,7.0,210,"['@', 'F', 'I']",C
AAPL,2024-01-30 14:30:00.974312+00:00,U,190.84,2.0,211,"['@', 'F', 'I']",C
AAPL,2024-01-30 14:30:00.974312+00:00,U,190.84,3.0,212,"['@', 'F', 'I']",C
AAPL,2024-01-30 14:30:00.975815+00:00,D,190.8475,2.0,2346,"['@', 'I']",C
AAPL,2024-01-30 14:30:00.984751+00:00,Z,190.84,71.0,381,"['@', 'F', 'I']",C
AAPL,2024-01-30 14:30:00.984756+00:00,K,190.84,50.0,2252,"['@', 'F', 'I']",C
AAPL,2024-01-30 14:30:00.984770+00:00,K,190.84,100.0,2253,"['@', 'F']",C
AAPL,2024-01-30 14:30:00.984776+00:00,U,190.84,10.0,213,"['@', 'F', 'I']",C
AAPL,2024-01-30 14:30:00.985748+00:00,U,190.85,14.0,214,"['@', 'I']",C
AAPL,2024-01-30 14:30:00.985748+00:00,U,190.85,3.0,215,"['@', 'I']",C
AAPL,2024-01-30 14:30:00.985748+00:00,U,190.85,8.0,216,"['@', 'I']",C
AAPL,2024-01-30 14:30:00.986390+00:00,D,190.95,1.0,2347,"['@', 'I']",C
AAPL,2024-01-30 14:30:00.986558+00:00,U,190.84,14.0,217,"['@', 'F', 'I']",C
AAPL,2024-01-30 14:30:00.986558+00:00,U,190.84,10.0,218,"['@', 'F', 'I']",C
AAPL,2024-01-30 14:30:00.986560+00:00,K,190.84,3.0,2254,"['@', 'F', 'I']",C
AAPL,2024-01-30 14:30:00.986566+00:00,K,190.84,50.0,2255,"['@', 'F', 'I']",C
AAPL,2024-01-30 14:30:00.986568+00:00,K,190.83,4.0,2256,"['@', 'F', 'I']",C
AAPL,2024-01-30 14:30:00.986776+00:00,Y,190.85,214.0,37,['@'],C
AAPL,2024-01-30 14:30:00.987109+00:00,D,190.94,3.0,2348,"['@', 'I']",C
AAPL,2024-01-30 14:30:00.987366+00:00,Y,190.85,118.0,38,['@'],C
AAPL,2024-01-30 14:30:00.989800+00:00,Q,190.86,25.0,3519,"['@', 'I']",C
AAPL,2024-01-30 14:30:01.004994+00:00,Q,190.84,96.0,3520,"['@', 'F', 'I']",C
AAPL,2024-01-30 14:30:01.005045+00:00,Q,190.84,4.0,3521,"['@', 'I']",C
AAPL,2024-01-30 14:30:01.005047+00:00,Q,190.84,3.0,3522,"['@', 'I']",C
AAPL,2024-01-30 14:30:01.005050+00:00,Q,190.84,25.0,3523,"['@', 'I']",C
AAPL,2024-01-30 14:30:01.005357+00:00,K,190.855,10.0,2257,"['@', 'I']",C
AAPL,2024-01-30 14:30:01.006713+00:00,D,190.83,2.0,2349,"['@', 'I']",C
AAPL,2024-01-30 14:30:01.007108+00:00,Q,190.84,8.0,3524,"['@', 'I']",C
AAPL,2024-01-30 14:30:01.009347+00:00,D,190.87,48.0,2350,"['@', 'I']",C
AAPL,2024-01-30 14:30:01.010377+00:00,D,190.85,25.0,2351,"['@', 'I']",C
AAPL,2024-01-30 14:30:01.011613+00:00,D,190.85,2.0,2352,"['@', 'I']",C
AAPL,2024-01-30 14:30:01.012369+00:00,K,190.84,50.0,2258,"['@', 'I']",C
AAPL,2024-01-30 14:30:01.012376+00:00,K,190.84,50.0,2259,"['@', 'I']",C
AAPL,2024-01-30 14:30:01.012378+00:00,K,190.84,211.0,2260,['@'],C
AAPL,2024-01-30 14:30:01.012382+00:00,K,190.84,100.0,2261,['@'],C
AAPL,2024-01-30 14:30:01.013010+00:00,M,190.84,6.0,1,"['@', 'F', 'I']",C
AAPL,2024-01-30 14:30:01.014941+00:00,D,190.85,2.0,2353,"['@', 'I']",C
AAPL,2024-01-30 14:30:01.016091+00:00,M,190.84,7.0,2,"['@', 'F', 'I']",C
AAPL,2024-01-30 14:30:01.016693+00:00,M,190.84,5.0,3,"['@', 'F', 'I']",C
AAPL,2024-01-30 14:30:01.016818+00:00,K,190.84,1.0,2262,"['@', 'F', 'I']",C
AAPL,2024-01-30 14:30:01.017098+00:00,M,190.84,82.0,4,"['@', 'F', 'I']",C
AAPL,2024-01-30 14:30:01.019391+00:00,Q,190.84,9.0,3525,"['@', 'I']",C
AAPL,2024-01-30 14:30:01.019393+00:00,Q,190.84,3.0,3526,"['@', 'I']",C
AAPL,2024-01-30 14:30:01.019396+00:00,Q,190.84,25.0,3527,"['@', 'I']",C
AAPL,2024-01-30 14:30:01.019396+00:00,Q,190.84,214.0,3528,['@'],C
AAPL,2024-01-30 14:30:01.019770+00:00,K,190.84,17.0,2263,"['@', 'F', 'I']",C
AAPL,2024-01-30 14:30:01.019790+00:00,K,190.84,24.0,2264,"['@', 'F', 'I']",C
AAPL,2024-01-30 14:30:01.019930+00:00,K,190.84,8.0,2265,"['@', 'I']",C
AAPL,2024-01-30 14:30:01.020119+00:00,U,190.84,10.0,219,"['@', 'F', 'I']",C
AAPL,2024-01-30 14:30:01.020281+00:00,Q,190.83,96.0,3529,"['@', 'I']",C
AAPL,2024-01-30 14:30:01.020282+00:00,Q,190.83,4.0,3530,"['@', 'I']",C
AAPL,2024-01-30 14:30:01.020490+00:00,Q,190.84,100.0,3531,['@'],C
AAPL,2024-01-30 14:30:01.020492+00:00,Q,190.84,214.0,3532,['@'],C
AAPL,2024-01-30 14:30:01.021026+00:00,D,190.85,42.0,2354,"['@', 'I']",C
AAPL,2024-01-30 14:30:01.021695+00:00,D,190.84,6.0,2355,"['@', 'I']",C
AAPL,2024-01-30 14:30:01.022612+00:00,D,190.85,2.0,2356,"['@', 'I']",C
AAPL,2024-01-30 14:30:01.022782+00:00,K,190.84,7.0,2266,"['@', 'F', 'I']",C
AAPL,2024-01-30 14:30:01.022868+00:00,K,190.84,43.0,2267,"['@', 'I']",C
AAPL,2024-01-30 14:30:01.023007+00:00,U,190.84,6.0,220,"['@', 'F', 'I']",C
AAPL,2024-01-30 14:30:01.026459+00:00,K,190.86,50.0,2268,"['@', 'I']",C
AAPL,2024-01-30 14:30:01.026559+00:00,X,190.85,2.0,15,"['@', 'F', 'I']",C
AAPL,2024-01-30 14:30:01.026778+00:00,H,190.85,3.0,4,"['@', 'F', 'I']",C
AAPL,2024-01-30 14:30:01.031796+00:00,Q,190.86,16.0,3533,"['@', 'I']",C
AAPL,2024-01-30 14:30:01.032566+00:00,B,190.85,1.0,34,"['@', 'I']",C
AAPL,2024-01-30 14:30:01.032568+00:00,B,190.85,3.0,35,"['@', 'I']",C
AAPL,2024-01-30 14:30:01.032601+00:00,U,190.84,4.0,221,"['@', 'I']",C
AAPL,2024-01-30 14:30:01.032602+00:00,U,190.84,6.0,222,"['@', 'I']",C
AAPL,2024-01-30 14:30:01.032653+00:00,K,190.85,13.0,2269,"['@', 'I']",C
AAPL,2024-01-30 14:30:01.032764+00:00,K,190.85,37.0,2270,"['@', 'F', 'I']",C
AAPL,2024-01-30 14:30:01.034017+00:00,D,190.95,1.0,2357,"['@', 'I']",C
AAPL,2024-01-30 14:30:01.037515+00:00,K,190.84,10.0,2271,"['@', 'F', 'I']",C
AAPL,2024-01-30 14:30:01.039823+00:00,D,190.95,1.0,2358,"['@', 'I']",C
AAPL,2024-01-30 14:30:01.040275+00:00,K,190.84,12.0,2272,"['@', 'F', 'I']",C
AAPL,2024-01-30 14:30:01.040280+00:00,K,190.84,24.0,2273,"['@', 'F', 'I']",C
AAPL,2024-01-30 14:30:01.040291+00:00,K,190.84,18.0,2274,"['@', 'F', 'I']",C
AAPL,2024-01-30 14:30:01.042882+00:00,K,190.84,18.0,2275,"['@', 'F', 'I']",C
AAPL,2024-01-30 14:30:01.042902+00:00,K,190.84,36.0,2276,"['@', 'F', 'I']",C
AAPL,2024-01-30 14:30:01.043113+00:00,K,190.84,4.0,2277,"['@', 'F', 'I']",C
AAPL,2024-01-30 14:30:01.043122+00:00,U,190.84,10.0,223,"['@', 'F', 'I']",C
AAPL,2024-01-30 14:30:01.043217+00:00,K,190.83,18.0,2278,"['@', 'F', 'I']",C
AAPL,2024-01-30 14:30:01.047111+00:00,H,190.85,3.0,5,"['@', 'F', 'I']",C
AAPL,2024-01-30 14:30:01.047146+00:00,P,190.85,1.0,3114,"['@', 'F', 'I']",C
AAPL,2024-01-30 14:30:01.047146+00:00,P,190.85,62.0,3115,"['@', 'F', 'I']",C
AAPL,2024-01-30 14:30:01.047220+00:00,N,190.85,1.0,14,"['@', 'F', 'I']",C
AAPL,2024-01-30 14:30:01.047437+00:00,D,190.85,42.0,2359,"['@', 'I']",C
AAPL,2024-01-30 14:30:01.048066+00:00,Z,190.85,63.0,382,"['@', 'F', 'I']",C
AAPL,2024-01-30 14:30:01.048364+00:00,P,190.85,38.0,3116,"['@', 'F', 'I']",C
AAPL,2024-01-30 14:30:01.049091+00:00,D,190.85,2.0,2360,"['@', 'I']",C
AAPL,2024-01-30 14:30:01.051665+00:00,K,190.84,1.0,2279,"['@', 'F', 'I']",C
AAPL,2024-01-30 14:30:01.051722+00:00,U,190.85,10.0,224,"['@', 'F', 'I']",C
AAPL,2024-01-30 14:30:01.051763+00:00,U,190.85,75.0,225,"['@', 'F', 'I']",C
AAPL,2024-01-30 14:30:01.051795+00:00,Q,190.83,18.0,3534,"['@', 'F', 'I']",C
AAPL,2024-01-30 14:30:01.052112+00:00,K,190.83,15.0,2280,"['@', 'F', 'I']",C
AAPL,2024-01-30 14:30:01.052117+00:00,K,190.83,3.0,2281,"['@', 'F', 'I']",C
AAPL,2024-01-30 14:30:01.052464+00:00,K,190.83,18.0,2282,"['@', 'F', 'I']",C
AAPL,2024-01-30 14:30:01.052845+00:00,K,190.83,8.0,2283,"['@', 'F', 'I']",C
AAPL,2024-01-30 14:30:01.053218+00:00,Q,190.83,54.0,3535,"['@', 'F', 'I']",C
AAPL,2024-01-30 14:30:01.053515+00:00,Q,190.83,24.0,3536,"['@', 'F', 'I']",C
AAPL,2024-01-30 14:30:01.053516+00:00,Q,190.83,100.0,3537,"['@', 'F']",C
AAPL,2024-01-30 14:30:01.053519+00:00,K,190.83,18.0,2284,"['@', 'F', 'I']",C
AAPL,2024-01-30 14:30:01.053533+00:00,K,190.83,3.0,2285,"['@', 'F', 'I']",C
AAPL,2024-01-30 14:30:01.053603+00:00,Z,190.83,97.0,383,"['@', 'F', 'I']",C
AAPL,2024-01-30 14:30:01.053624+00:00,U,190.83,10.0,226,"['@', 'F', 'I']",C
AAPL,2024-01-30 14:30:01.053946+00:00,K,190.82,15.0,2286,"['@', 'F', 'I']",C
AAPL,2024-01-30 14:30:01.053949+00:00,Z,190.83,3.0,384,"['@', 'F', 'I']",C
AAPL,2024-01-30 14:30:01.054193+00:00,P,190.82,18.0,3117,"['@', 'F', 'I']",C
AAPL,2024-01-30 14:30:01.056901+00:00,Q,190.83,66.0,3538,"['@', 'F', 'I']",C
AAPL,2024-01-30 14:30:01.059784+00:00,Z,190.84,87.0,385,"['@', 'I']",C
AAPL,2024-01-30 14:30:01.062491+00:00,D,190.95,1.0,2361,"['@', 'I']",C
AAPL,2024-01-30 14:30:01.076091+00:00,D,190.85,260.0,2362,['@'],C
AAPL,2024-01-30 14:30:01.077349+00:00,N,190.83,100.0,15,['@'],C
AAPL,2024-01-30 14:30:01.077394+00:00,D,190.83,100.0,2363,['@'],C
AAPL,2024-01-30 14:30:01.077945+00:00,V,190.83,41.0,39,"['@', 'I']",C
AAPL,2024-01-30 14:30:01.078535+00:00,U,190.84,15.0,227,"['@', 'I']",C
AAPL,2024-01-30 14:30:01.092957+00:00,P,190.83,100.0,3118,['@'],C
AAPL,2024-01-30 14:30:01.092957+00:00,P,190.82,82.0,3119,"['@', 'I']",C
AAPL,2024-01-30 14:30:01.092957+00:00,P,190.82,100.0,3120,['@'],C
AAPL,2024-01-30 14:30:01.093272+00:00,Q,190.82,95.0,3539,"['@', 'I']",C
AAPL,2024-01-30 14:30:01.093274+00:00,Q,190.82,10.0,3540,"['@', 'I']",C
AAPL,2024-01-30 14:30:01.093582+00:00,U,190.82,10.0,228,"['@', 'F', 'I']",C
AAPL,2024-01-30 14:30:01.093594+00:00,Q,190.82,2.0,3541,"['@', 'I']",C
AAPL,2024-01-30 14:30:01.093598+00:00,K,190.82,35.0,2287,"['@', 'F', 'I']",C
AAPL,2024-01-30 14:30:01.093599+00:00,Z,190.83,100.0,386,"['@', 'F']",C
AAPL,2024-01-30 14:30:01.093764+00:00,P,190.82,100.0,3121,['@'],C
AAPL,2024-01-30 14:30:01.093921+00:00,U,190.82,10.0,229,"['@', 'I']",C
AAPL,2024-01-30 14:30:01.095537+00:00,D,190.83,100.0,2364,['@'],C
AAPL,2024-01-30 14:30:01.098281+00:00,D,190.83,42.0,2365,"['@', 'I']",C
AAPL,2024-01-30 14:30:01.098301+00:00,Q,190.82,64.0,3542,"['@', 'F', 'I']",C
AAPL,2024-01-30 14:30:01.098384+00:00,U,190.82,10.0,230,"['@', 'F', 'I']",C
AAPL,2024-01-30 14:30:01.098396+00:00,Z,190.82,100.0,387,"['@', 'F']",C
AAPL,2024-01-30 14:30:01.100385+00:00,D,190.83,2.0,2366,"['@', 'I']",C
AAPL,2024-01-30 14:30:01.100460+00:00,D,190.83,100.0,2367,['@'],C
AAPL,2024-01-30 14:30:01.103352+00:00,Q,190.83,2.0,3543,"['@', 'I']",C
AAPL,2024-01-30 14:30:01.110255+00:00,K,190.82,15.0,2288,"['@', 'F', 'I']",C
AAPL,2024-01-30 14:30:01.110534+00:00,Q,190.82,36.0,3544,"['@', 'F', 'I']",C
AAPL,2024-01-30 14:30:01.110537+00:00,Q,190.82,11.0,3545,"['@', 'F', 'I']",C
AAPL,2024-01-30 14:30:01.110632+00:00,K,190.82,35.0,2289,"['@', 'F', 'I']",C
AAPL,2024-01-30 14:30:01.110639+00:00,Z,190.82,100.0,388,"['@', 'F']",C
AAPL,2024-01-30 14:30:01.110713+00:00,U,190.82,10.0,231,"['@', 'F', 'I']",C
AAPL,2024-01-30 14:30:01.110851+00:00,Q,190.81,50.0,3546,"['@', 'F', 'I']",C
AAPL,2024-01-30 14:30:01.110853+00:00,Q,190.81,100.0,3547,"['@', 'F']",C
AAPL,2024-01-30 14:30:01.110856+00:00,Q,190.81,5.0,3548,"['@', 'F', 'I']",C
AAPL,2024-01-30 14:30:01.110858+00:00,K,190.81,35.0,2290,"['@', 'F', 'I']",C
AAPL,2024-01-30 14:30:01.116586+00:00,D,190.94,1.0,2368,"['@', 'I']",C
AAPL,2024-01-30 14:30:01.116960+00:00,Q,190.81,10.0,3549,"['@', 'F', 'I']",C
AAPL,2024-01-30 14:30:01.120072+00:00,D,190.83,2.0,2369,"['@', 'I']",C
AAPL,2024-01-30 14:30:01.123211+00:00,D,190.83,2.0,2370,"['@', 'I']",C
AAPL,2024-01-30 14:30:01.124350+00:00,Z,190.81,100.0,389,['@'],C
AAPL,2024-01-30 14:30:01.124480+00:00,D,190.81,556.0,2371,['@'],C
AAPL,2024-01-30 14:30:01.127807+00:00,M,190.81,22.0,5,"['@', 'F', 'I']",C
AAPL,2024-01-30 14:30:01.128538+00:00,U,190.8,10.0,232,"['@', 'F', 'I']",C
AAPL,2024-01-30 14:30:01.128540+00:00,K,190.8,50.0,2291,"['@', 'F', 'I']",C
AAPL,2024-01-30 14:30:01.128540+00:00,Z,190.8,7.0,390,"['@', 'F', 'I']",C
AAPL,2024-01-30 14:30:01.128847+00:00,Q,190.8,30.0,3550,"['@', 'F', 'I']",C
AAPL,2024-01-30 14:30:01.128850+00:00,Q,190.8,26.0,3551,"['@', 'F', 'I']",C
AAPL,2024-01-30 14:30:01.128851+00:00,Q,190.8,2.0,3552,"['@', 'F', 'I']",C
AAPL,2024-01-30 14:30:01.128853+00:00,Q,190.8,1.0,3553,"['@', 'F', 'I']",C
AAPL,2024-01-30 14:30:01.128857+00:00,Q,190.8,2.0,3554,"['@', 'F', 'I']",C
AAPL,2024-01-30 14:30:01.128861+00:00,Q,190.8,5.0,3555,"['@', 'F', 'I']",C
AAPL,2024-01-30 14:30:01.128861+00:00,Q,190.8,3.0,3556,"['@', 'F', 'I']",C
AAPL,2024-01-30 14:30:01.128865+00:00,Q,190.8,4.0,3557,"['@', 'F', 'I']",C
AAPL,2024-01-30 14:30:01.128865+00:00,Q,190.8,20.0,3558,"['@', 'F', 'I']",C
AAPL,2024-01-30 14:30:01.128871+00:00,Q,190.8,6.0,3559,"['@', 'F', 'I']",C
AAPL,2024-01-30 14:30:01.128871+00:00,Q,190.8,3.0,3560,"['@', 'F', 'I']",C
AAPL,2024-01-30 14:30:01.128874+00:00,Q,190.8,5.0,3561,"['@', 'F', 'I']",C
AAPL,2024-01-30 14:30:01.128880+00:00,Q,190.8,10.0,3562,"['@', 'F', 'I']",C
AAPL,2024-01-30 14:30:01.128880+00:00,Q,190.8,30.0,3563,"['@', 'F', 'I']",C
AAPL,2024-01-30 14:30:01.128880+00:00,Q,190.8,8.0,3564,"['@', 'F', 'I']",C
AAPL,2024-01-30 14:30:01.128882+00:00,Q,190.8,5.0,3565,"['@', 'F', 'I']",C
AAPL,2024-01-30 14:30:01.128890+00:00,Q,190.8,50.0,3566,"['@', 'F', 'I']",C
AAPL,2024-01-30 14:30:01.128891+00:00,Q,190.8,100.0,3567,"['@', 'F']",C
AAPL,2024-01-30 14:30:01.128896+00:00,X,190.81,3.0,16,"['@', 'I']",C
AAPL,2024-01-30 14:30:01.129109+00:00,Q,190.8,3.0,3568,"['@', 'I']",C
AAPL,2024-01-30 14:30:01.129118+00:00,K,190.8,50.0,2292,"['@', 'F', 'I']",C
AAPL,2024-01-30 14:30:01.129118+00:00,U,190.8,10.0,233,"['@', 'F', 'I']",C
AAPL,2024-01-30 14:30:01.129126+00:00,U,190.8,10.0,234,"['@', 'F', 'I']",C
AAPL,2024-01-30 14:30:01.129128+00:00,Z,190.8,55.0,391,"['@', 'F', 'I']",C
AAPL,2024-01-30 14:30:01.129130+00:00,Z,190.8,67.0,392,"['@', 'F', 'I']",C
AAPL,2024-01-30 14:30:01.129144+00:00,Z,190.8,8.0,393,"['@', 'F', 'I']",C
AAPL,2024-01-30 14:30:01.129191+00:00,J,190.81,20.0,23,"['@', 'I']",C
AAPL,2024-01-30 14:30:01.129192+00:00,Y,190.81,57.0,39,"['@', 'I']",C
AAPL,2024-01-30 14:30:01.130496+00:00,D,190.865,1.0,2372,"['@', 'I']",C
AAPL,2024-01-30 14:30:01.132563+00:00,D,190.81,25.0,2373,"['@', 'I']",C
AAPL,2024-01-30 14:30:01.132996+00:00,Q,190.8,2.0,3569,"['@', 'F', 'I']",C
AAPL,2024-01-30 14:30:01.132998+00:00,Q,190.8,20.0,3570,"['@', 'F', 'I']",C
AAPL,2024-01-30 14:30:01.133000+00:00,Q,190.8,57.0,3571,"['@', 'F', 'I']",C
AAPL,2024-01-30 14:30:01.133002+00:00,Q,190.8,25.0,3572,"['@', 'F', 'I']",C
AAPL,2024-01-30 14:30:01.133260+00:00,U,190.8,10.0,235,"['@', 'F', 'I']",C
AAPL,2024-01-30 14:30:01.133275+00:00,Z,190.8,25.0,394,"['@', 'F', 'I']",C
AAPL,2024-01-30 14:30:01.133544+00:00,P,190.8,30.0,3122,"['@', 'F', 'I']",C
AAPL,2024-01-30 14:30:01.133544+00:00,P,190.8,1.0,3123,"['@', 'F', 'I']",C
AAPL,2024-01-30 14:30:01.133544+00:00,P,190.8,5.0,3124,"['@', 'F', 'I']",C
AAPL,2024-01-30 14:30:01.133572+00:00,Z,190.8,100.0,395,"['@', 'F']",C
AAPL,2024-01-30 14:30:01.133575+00:00,Q,190.79,20.0,3573,"['@', 'F', 'I']",C
AAPL,2024-01-30 14:30:01.133576+00:00,Q,190.79,100.0,3574,"['@', 'F']",C
AAPL,2024-01-30 14:30:01.133579+00:00,Q,190.79,100.0,3575,"['@', 'F']",C
AAPL,2024-01-30 14:30:01.134054+00:00,Q,190.81,3.0,3576,"['@', 'F', 'I']",C
AAPL,2024-01-30 14:30:01.134055+00:00,Q,190.81,47.0,3577,"['@', 'F', 'I']",C
AAPL,2024-01-30 14:30:01.134421+00:00,K,190.79,8.0,2293,"['@', 'F', 'I']",C
AAPL,2024-01-30 14:30:01.136381+00:00,Q,190.81,53.0,3578,"['@', 'I']",C
AAPL,2024-01-30 14:30:01.136382+00:00,Q,190.81,100.0,3579,['@'],C
AAPL,2024-01-30 14:30:01.136384+00:00,Q,190.81,47.0,3580,"['@', 'I']",C
AAPL,2024-01-30 14:30:01.142583+00:00,Q,190.8,34.0,3581,"['@', 'F', 'I']",C
AAPL,2024-01-30 14:30:01.142643+00:00,Z,190.79,100.0,396,"['@', 'F']",C
AAPL,2024-01-30 14:30:01.142644+00:00,K,190.79,42.0,2294,"['@', 'F', 'I']",C
AAPL,2024-01-30 14:30:01.142644+00:00,U,190.79,10.0,236,"['@', 'F', 'I']",C
AAPL,2024-01-30 14:30:01.142644+00:00,U,190.78,100.0,237,"['@', 'F']",C
AAPL,2024-01-30 14:30:01.142654+00:00,Q,190.79,3.0,3582,"['@', 'I']",C
AAPL,2024-01-30 14:30:01.142663+00:00,K,190.78,50.0,2295,"['@', 'F', 'I']",C
AAPL,2024-01-30 14:30:01.142933+00:00,P,190.79,1.0,3125,"['@', 'F', 'I']",C
AAPL,2024-01-30 14:30:01.142933+00:00,P,190.79,100.0,3126,"['@', 'F']",C
AAPL,2024-01-30 14:30:01.142933+00:00,P,190.78,10.0,3127,"['@', 'F', 'I']",C
AAPL,2024-01-30 14:30:01.143538+00:00,D,190.86,1.0,2374,"['@', '4', 'I']",C
AAPL,2024-01-30 14:30:01.143884+00:00,Q,190.78,5.0,3583,"['@', 'I']",C
AAPL,2024-01-30 14:30:01.143885+00:00,Q,190.78,2.0,3584,"['@', 'I']",C
AAPL,2024-01-30 14:30:01.143888+00:00,Q,190.78,21.0,3585,"['@', 'I']",C
AAPL,2024-01-30 14:30:01.143891+00:00,Q,190.78,3.0,3586,"['@', 'I']",C
AAPL,2024-01-30 14:30:01.144186+00:00,Z,190.79,1.0,397,"['@', 'I']",C
AAPL,2024-01-30 14:30:01.144827+00:00,D,190.95,1.0,2375,"['@', 'I']",C
AAPL,2024-01-30 14:30:01.147628+00:00,Q,190.77,2.0,3587,"['@', 'F', 'I']",C
AAPL,2024-01-30 14:30:01.147630+00:00,Q,190.77,4.0,3588,"['@', 'F', 'I']",C
AAPL,2024-01-30 14:30:01.147631+00:00,U,190.77,10.0,238,"['@', 'F', 'I']",C
AAPL,2024-01-30 14:30:01.147644+00:00,Z,190.77,4.0,398,"['@', 'F', 'I']",C
AAPL,2024-01-30 14:30:01.148002+00:00,U,190.77,25.0,239,"['@', 'F', 'I']",C
AAPL,2024-01-30 14:30:01.148981+00:00,Q,190.77,1.0,3589,"['@', 'F', 'I']",C
AAPL,2024-01-30 14:30:01.149276+00:00,Z,190.77,19.0,399,"['@', 'F', 'I']",C
AAPL,2024-01-30 14:30:01.149389+00:00,Z,190.77,19.0,400,"['@', 'F', 'I']",C
AAPL,2024-01-30 14:30:01.152559+00:00,Z,190.77,58.0,401,"['@', 'F', 'I']",C
AAPL,2024-01-30 14:30:01.152831+00:00,P,190.77,100.0,3128,"['@', 'F']",C
AAPL,2024-01-30 14:30:01.152831+00:00,P,190.77,90.0,3129,"['@', 'F', 'I']",C
AAPL,2024-01-30 14:30:01.152923+00:00,P,190.77,10.0,3130,"['@', 'F', 'I']",C
AAPL,2024-01-30 14:30:01.154124+00:00,Q,190.78,100.0,3590,['@'],C
AAPL,2024-01-30 14:30:01.154125+00:00,Q,190.78,4.0,3591,"['@', 'I']",C
AAPL,2024-01-30 14:30:01.155552+00:00,Z,190.76,68.0,402,"['@', 'F', 'I']",C
AAPL,2024-01-30 14:30:01.155883+00:00,Z,190.76,28.0,403,"['@', 'F', 'I']",C
AAPL,2024-01-30 14:30:01.155900+00:00,Q,190.76,2.0,3592,"['@', 'F', 'I']",C
AAPL,2024-01-30 14:30:01.155902+00:00,Q,190.76,10.0,3593,"['@', 'F', 'I']",C
AAPL,2024-01-30 14:30:01.156033+00:00,Q,190.76,20.0,3594,"['@', 'F', 'I']",C
AAPL,2024-01-30 14:30:01.156035+00:00,Q,190.75,32.0,3595,"['@', 'F', 'I']",C
AAPL,2024-01-30 14:30:01.156037+00:00,Q,190.75,1.0,3596,"['@', 'F', 'I']",C
AAPL,2024-01-30 14:30:01.156038+00:00,Q,190.75,23.0,3597,"['@', 'F', 'I']",C
AAPL,2024-01-30 14:30:01.156298+00:00,U,190.76,10.0,240,"['@', 'F', 'I']",C
AAPL,2024-01-30 14:30:01.156311+00:00,Z,190.76,4.0,404,"['@', 'F', 'I']",C
AAPL,2024-01-30 14:30:01.156567+00:00,P,190.76,1.0,3131,"['@', 'F', 'I']",C
AAPL,2024-01-30 14:30:01.156594+00:00,Z,190.76,100.0,405,"['@', 'F']",C
AAPL,2024-01-30 14:30:01.157553+00:00,Q,190.76,9.0,3598,"['@', 'F', 'I']",C
AAPL,2024-01-30 14:30:01.157657+00:00,Z,190.76,100.0,406,"['@', 'F']",C
AAPL,2024-01-30 14:30:01.160854+00:00,D,190.81,2.0,2376,"['@', 'I']",C
AAPL,2024-01-30 14:30:01.161442+00:00,Q,190.77,1.0,3599,"['@', 'F', 'I']",C
AAPL,2024-01-30 14:30:01.163946+00:00,Q,190.77,99.0,3600,"['@', 'F', 'I']",C
AAPL,2024-01-30 14:30:01.163948+00:00,Q,190.77,100.0,3601,"['@', 'F']",C
AAPL,2024-01-30 14:30:01.164031+00:00,Z,190.76,73.0,407,"['@', 'F', 'I']",C
AAPL,2024-01-30 14:30:01.164792+00:00,D,190.81,2.0,2377,"['@', 'I']",C
AAPL,2024-01-30 14:30:01.169021+00:00,D,190.94,1.0,2378,"['@', 'I']",C
AAPL,2024-01-30 14:30:01.169396+00:00,Y,190.76,53.0,40,"['@', 'I']",C
AAPL,2024-01-30 14:30:01.171731+00:00,P,190.78,1.0,3132,"['@', 'I']",C
AAPL,2024-01-30 14:30:01.175959+00:00,U,190.76,10.0,241,"['@', 'F', 'I']",C
AAPL,2024-01-30 14:30:01.175964+00:00,Z,190.76,27.0,408,"['@', 'F', 'I']",C
AAPL,2024-01-30 14:30:01.175996+00:00,Q,190.76,100.0,3602,"['@', 'F']",C
AAPL,2024-01-30 14:30:01.175996+00:00,Q,190.76,100.0,3603,"['@', 'F']",C
AAPL,2024-01-30 14:30:01.175999+00:00,Q,190.75,27.0,3604,"['@', 'F', 'I']",C
AAPL,2024-01-30 14:30:01.176001+00:00,Q,190.75,5.0,3605,"['@', 'F', 'I']",C
AAPL,2024-01-30 14:30:01.176005+00:00,Q,190.75,28.0,3606,"['@', 'F', 'I']",C
AAPL,2024-01-30 14:30:01.176007+00:00,P,190.75,30.0,3133,"['@', 'F', 'I']",C
AAPL,2024-01-30 14:30:01.176007+00:00,P,190.75,100.0,3134,"['@', 'F']",C
AAPL,2024-01-30 14:30:01.176029+00:00,Q,190.75,24.0,3607,"['@', 'F', 'I']",C
AAPL,2024-01-30 14:30:01.176031+00:00,Q,190.75,15.0,3608,"['@', 'F', 'I']",C
AAPL,2024-01-30 14:30:01.176033+00:00,Q,190.75,1.0,3609,"['@', 'F', 'I']",C
AAPL,2024-01-30 14:30:01.176035+00:00,Q,190.75,1.0,3610,"['@', 'F', 'I']",C
AAPL,2024-01-30 14:30:01.176038+00:00,Q,190.75,6.0,3611,"['@', 'F', 'I']",C
AAPL,2024-01-30 14:30:01.176041+00:00,Q,190.75,1.0,3612,"['@', 'F', 'I']",C
AAPL,2024-01-30 14:30:01.176041+00:00,Q,190.75,1.0,3613,"['@', 'F', 'I']",C
AAPL,2024-01-30 14:30:01.176044+00:00,Q,190.75,1.0,3614,"['@', 'F', 'I']",C
AAPL,2024-01-30 14:30:01.176046+00:00,Q,190.75,53.0,3615,"['@', 'F', 'I']",C
AAPL,2024-01-30 14:30:01.176053+00:00,Q,190.75,50.0,3616,"['@', 'F', 'I']",C
AAPL,2024-01-30 14:30:01.176053+00:00,Q,190.75,8.0,3617,"['@', 'F', 'I']",C
AAPL,2024-01-30 14:30:01.176053+00:00,Q,190.75,1.0,3618,"['@', 'F', 'I']",C
AAPL,2024-01-30 14:30:01.176053+00:00,Y,190.77,13.0,41,"['@', 'I']",C
AAPL,2024-01-30 14:30:01.176056+00:00,Q,190.75,9.0,3619,"['@', 'F', 'I']",C
AAPL,2024-01-30 14:30:01.176064+00:00,Q,190.75,1.0,3620,"['@', 'F', 'I']",C
AAPL,2024-01-30 14:30:01.176064+00:00,Q,190.75,2.0,3621,"['@', 'F', 'I']",C
AAPL,2024-01-30 14:30:01.176064+00:00,Q,190.75,1.0,3622,"['@', 'F', 'I']",C
AAPL,2024-01-30 14:30:01.176067+00:00,Q,190.75,1.0,3623,"['@', 'F', 'I']",C
AAPL,2024-01-30 14:30:01.176073+00:00,Q,190.75,7.0,3624,"['@', 'F', 'I']",C
AAPL,2024-01-30 14:30:01.176076+00:00,Q,190.75,25.0,3625,"['@', 'F', 'I']",C
AAPL,2024-01-30 14:30:01.176076+00:00,Q,190.75,2.0,3626,"['@', 'F', 'I']",C
AAPL,2024-01-30 14:30:01.176076+00:00,Q,190.75,4.0,3627,"['@', 'F', 'I']",C
AAPL,2024-01-30 14:30:01.176081+00:00,Q,190.75,100.0,3628,"['@', 'F']",C
AAPL,2024-01-30 14:30:01.176088+00:00,Q,190.78,100.0,3629,"['@', 'F']",C
AAPL,2024-01-30 14:30:01.176621+00:00,P,190.75,13.0,3135,"['@', 'F', 'I']",C
AAPL,2024-01-30 14:30:01.178339+00:00,Q,190.74,1.0,3630,"['@', 'F', 'I']",C
AAPL,2024-01-30 14:30:01.178339+00:00,Q,190.74,2.0,3631,"['@', 'F', 'I']",C
AAPL,2024-01-30 14:30:01.178340+00:00,Q,190.74,100.0,3632,"['@', 'F']",C
AAPL,2024-01-30 14:30:01.178607+00:00,U,190.75,10.0,242,"['@', 'F', 'I']",C
AAPL,2024-01-30 14:30:01.178607+00:00,U,190.74,10.0,243,"['@', 'F', 'I']",C
AAPL,2024-01-30 14:30:01.178611+00:00,Z,190.74,53.0,409,"['@', 'F', 'I']",C
AAPL,2024-01-30 14:30:01.178735+00:00,Z,190.74,47.0,410,"['@', 'I']",C
AAPL,2024-01-30 14:30:01.178988+00:00,U,190.73,10.0,244,"['@', 'F', 'I']",C
AAPL,2024-01-30 14:30:01.179123+00:00,Q,190.73,50.0,3633,"['@', 'F', 'I']",C
AAPL,2024-01-30 14:30:01.179125+00:00,Q,190.73,2.0,3634,"['@', 'F', 'I']",C
AAPL,2024-01-30 14:30:01.179127+00:00,Q,190.73,10.0,3635,"['@', 'F', 'I']",C
AAPL,2024-01-30 14:30:01.179131+00:00,Q,190.72,10.0,3636,"['@', 'F', 'I']",C
AAPL,2024-01-30 14:30:01.179133+00:00,Q,190.72,1.0,3637,"['@', 'F', 'I']",C
AAPL,2024-01-30 14:30:01.179135+00:00,Q,190.72,3.0,3638,"['@', 'F', 'I']",C
AAPL,2024-01-30 14:30:01.179137+00:00,Q,190.72,2.0,3639,"['@', 'F', 'I']",C
AAPL,2024-01-30 14:30:01.179143+00:00,Q,190.72,1.0,3640,"['@', 'F', 'I']",C
AAPL,2024-01-30 14:30:01.179143+00:00,Q,190.72,4.0,3641,"['@', 'F', 'I']",C
AAPL,2024-01-30 14:30:01.179426+00:00,B,190.68,100.0,36,['@'],C
AAPL,2024-01-30 14:30:01.179944+00:00,Q,190.72,5.0,3642,"['@', 'I']",C
AAPL,2024-01-30 14:30:01.179946+00:00,Q,190.72,3.0,3643,"['@', 'I']",C
AAPL,2024-01-30 14:30:01.179951+00:00,Q,190.72,2.0,3644,"['@', 'I']",C
AAPL,2024-01-30 14:30:01.179955+00:00,Q,190.71,1.0,3645,"['@', 'F', 'I']",C
AAPL,2024-01-30 14:30:01.179972+00:00,U,190.7,10.0,245,"['@', 'F', 'I']",C
AAPL,2024-01-30 14:30:01.179984+00:00,Z,190.71,96.0,411,"['@', 'F', 'I']",C
AAPL,2024-01-30 14:30:01.180124+00:00,U,190.71,1.0,246,"['@', 'F', 'I']",C
AAPL,2024-01-30 14:30:01.180225+00:00,Z,190.71,4.0,412,"['@', 'F', 'I']",C
AAPL,2024-01-30 14:30:01.184586+00:00,Z,190.71,14.0,413,"['@', 'F', 'I']",C
AAPL,2024-01-30 14:30:01.184620+00:00,U,190.7,10.0,247,"['@', 'F', 'I']",C
AAPL,2024-01-30 14:30:01.184620+00:00,U,190.7,1.0,248,"['@', 'F', 'I']",C
AAPL,2024-01-30 14:30:01.184620+00:00,U,190.7,5.0,249,"['@', 'F', 'I']",C
AAPL,2024-01-30 14:30:01.184620+00:00,U,190.7,2.0,250,"['@', 'F', 'I']",C
AAPL,2024-01-30 14:30:01.184630+00:00,U,190.7,3.0,251,"['@', 'F', 'I']",C
AAPL,2024-01-30 14:30:01.186863+00:00,D,190.865,1.0,2379,"['@', 'I']",C
AAPL,2024-01-30 14:30:01.187241+00:00,K,190.71,70.0,2296,"['@', 'F', 'I']",C
AAPL,2024-01-30 14:30:01.187350+00:00,K,190.72,50.0,2297,"['@', 'I']",C
AAPL,2024-01-30 14:30:01.187522+00:00,K,190.72,44.0,2298,"['@', 'F', 'I']",C
AAPL,2024-01-30 14:30:01.188822+00:00,U,190.72,10.0,252,"['@', 'F', 'I']",C
AAPL,2024-01-30 14:30:01.188822+00:00,U,190.71,10.0,253,"['@', 'F', 'I']",C
AAPL,2024-01-30 14:30:01.188825+00:00,K,190.71,30.0,2299,"['@', 'F', 'I']",C
AAPL,2024-01-30 14:30:01.188960+00:00,Q,190.71,6.0,3646,"['@', 'F', 'I']",C
AAPL,2024-01-30 14:30:01.188962+00:00,Q,190.71,72.0,3647,"['@', 'F', 'I']",C
AAPL,2024-01-30 14:30:01.191866+00:00,U,190.71,10.0,254,"['@', 'F', 'I']",C
AAPL,2024-01-30 14:30:01.191866+00:00,U,190.7,10.0,255,"['@', 'F', 'I']",C
AAPL,2024-01-30 14:30:01.191866+00:00,Z,190.71,9.0,414,"['@', 'F', 'I']",C
AAPL,2024-01-30 14:30:01.191933+00:00,Y,190.72,27.0,42,"['@', 'I']",C
AAPL,2024-01-30 14:30:01.201844+00:00,D,190.86,1.0,2380,"['@', '4', 'I']",C
AAPL,2024-01-30 14:30:01.201981+00:00,D,190.865,1.0,2381,"['@', 'I']",C
AAPL,2024-01-30 14:30:01.216454+00:00,D,190.94,1.0,2382,"['@', 'I']",C
AAPL,2024-01-30 14:30:01.218029+00:00,Z,190.71,79.0,415,"['@', 'I']",C
AAPL,2024-01-30 14:30:01.218361+00:00,D,190.865,1.0,2383,"['@', 'I']",C
AAPL,2024-01-30 14:30:01.225661+00:00,D,190.72,100.0,2384,['@'],C
AAPL,2024-01-30 14:30:01.227560+00:00,V,190.72,6.0,40,"['@', 'I']",C
AAPL,2024-01-30 14:30:01.243297+00:00,D,190.95,1.0,2385,"['@', 'I']",C
AAPL,2024-01-30 14:30:01.246785+00:00,Q,190.73,25.0,3648,"['@', 'F', 'I']",C
AAPL,2024-01-30 14:30:01.246787+00:00,Q,190.73,50.0,3649,"['@', 'F', 'I']",C
AAPL,2024-01-30 14:30:01.246789+00:00,Q,190.74,25.0,3650,"['@', 'F', 'I']",C
AAPL,2024-01-30 14:30:01.259511+00:00,D,190.95,1.0,2386,"['@', 'I']",C
AAPL,2024-01-30 14:30:01.262214+00:00,D,190.8601,21.0,2387,"['@', 'I']",C
AAPL,2024-01-30 14:30:01.271471+00:00,D,190.94,1.0,2388,"['@', 'I']",C
AAPL,2024-01-30 14:30:01.275397+00:00,P,190.74,22.0,3136,"['@', 'F', 'I']",C
AAPL,2024-01-30 14:30:01.282661+00:00,Q,190.74,10.0,3651,"['@', 'F', 'I']",C
AAPL,2024-01-30 14:30:01.284050+00:00,Q,190.725,86.0,3652,"['@', 'I']",C
AAPL,2024-01-30 14:30:01.284966+00:00,D,190.725,100.0,2389,['@'],C
AAPL,2024-01-30 14:30:01.285093+00:00,Q,190.71,69.0,3653,"['@', 'F', 'I']",C
AAPL,2024-01-30 14:30:01.285095+00:00,Q,190.71,25.0,3654,"['@', 'F', 'I']",C
AAPL,2024-01-30 14:30:01.285096+00:00,Q,190.71,1.0,3655,"['@', 'F', 'I']",C
AAPL,2024-01-30 14:30:01.285099+00:00,Q,190.71,5.0,3656,"['@', 'F', 'I']",C
AAPL,2024-01-30 14:30:01.285137+00:00,Q,190.71,95.0,3657,"['@', 'I']",C
AAPL,2024-01-30 14:30:01.285139+00:00,Q,190.71,700.0,3658,['@'],C
AAPL,2024-01-30 14:30:01.285392+00:00,U,190.71,10.0,256,"['@', 'F', 'I']",C
AAPL,2024-01-30 14:30:01.285392+00:00,U,190.71,27.0,257,"['@', 'F', 'I']",C
AAPL,2024-01-30 14:30:01.285392+00:00,U,190.71,100.0,258,"['@', 'F']",C
AAPL,2024-01-30 14:30:01.285581+00:00,M,190.71,32.0,6,"['@', 'F', 'I']",C
AAPL,2024-01-30 14:30:01.285623+00:00,M,190.71,12.0,7,"['@', 'F', 'I']",C
AAPL,2024-01-30 14:30:01.285639+00:00,M,190.71,19.0,8,"['@', 'F', 'I']",C
AAPL,2024-01-30 14:30:01.285644+00:00,M,190.71,95.0,9,"['@', 'F', 'I']",C
AAPL,2024-01-30 14:30:01.285660+00:00,U,190.7,10.0,259,"['@', 'F', 'I']",C
AAPL,2024-01-30 14:30:01.285660+00:00,U,190.7,34.0,260,"['@', 'F', 'I']",C
AAPL,2024-01-30 14:30:01.285662+00:00,M,190.71,42.0,10,"['@', 'F', 'I']",C
AAPL,2024-01-30 14:30:01.285662+00:00,Q,190.7,40.0,3659,"['@', 'F', 'I']",C
AAPL,2024-01-30 14:30:01.285663+00:00,Q,190.7,27.0,3660,"['@', 'F', 'I']",C
AAPL,2024-01-30 14:30:01.285665+00:00,Q,190.7,34.0,3661,"['@', 'F', 'I']",C
AAPL,2024-01-30 14:30:01.285692+00:00,Q,190.7,10.0,3662,"['@', 'F', 'I']",C
AAPL,2024-01-30 14:30:01.285783+00:00,Z,190.71,100.0,416,"['@', 'F']",C
AAPL,2024-01-30 14:30:01.285835+00:00,V,190.71,43.0,41,"['@', 'I']",C
AAPL,2024-01-30 14:30:01.285907+00:00,Z,190.71,16.0,417,"['@', 'F', 'I']",C
AAPL,2024-01-30 14:30:01.286097+00:00,Z,190.71,22.0,418,"['@', 'F', 'I']",C
AAPL,2024-01-30 14:30:01.286103+00:00,Z,190.7,62.0,419,"['@', 'F', 'I']",C
AAPL,2024-01-30 14:30:01.286130+00:00,Z,190.7,7.0,420,"['@', 'F', 'I']",C
AAPL,2024-01-30 14:30:01.286219+00:00,Z,190.7,31.0,421,"['@', 'F', 'I']",C
AAPL,2024-01-30 14:30:01.286277+00:00,Z,190.69,26.0,422,"['@', 'I']",C
AAPL,2024-01-30 14:30:01.286402+00:00,Z,190.7,31.0,423,"['@', 'F', 'I']",C
AAPL,2024-01-30 14:30:01.286618+00:00,Z,190.7,69.0,424,"['@', 'F', 'I']",C
AAPL,2024-01-30 14:30:01.286681+00:00,Q,190.7,19.0,3663,"['@', 'F', 'I']",C
AAPL,2024-01-30 14:30:01.288319+00:00,Z,190.7,100.0,425,['@'],C
AAPL,2024-01-30 14:30:01.288513+00:00,Q,190.7,4.0,3664,"['@', 'F', 'I']",C
AAPL,2024-01-30 14:30:01.288515+00:00,Q,190.7,5.0,3665,"['@', 'F', 'I']",C
AAPL,2024-01-30 14:30:01.288517+00:00,Q,190.7,7.0,3666,"['@', 'F', 'I']",C
AAPL,2024-01-30 14:30:01.288519+00:00,Q,190.7,6.0,3667,"['@', 'F', 'I']",C
AAPL,2024-01-30 14:30:01.288524+00:00,Q,190.7,11.0,3668,"['@', 'F', 'I']",C
AAPL,2024-01-30 14:30:01.288524+00:00,Q,190.7,5.0,3669,"['@', 'F', 'I']",C
AAPL,2024-01-30 14:30:01.288530+00:00,Q,190.7,1.0,3670,"['@', 'F', 'I']",C
AAPL,2024-01-30 14:30:01.288530+00:00,Q,190.7,10.0,3671,"['@', 'F', 'I']",C
AAPL,2024-01-30 14:30:01.288533+00:00,Q,190.7,1.0,3672,"['@', 'F', 'I']",C
AAPL,2024-01-30 14:30:01.288536+00:00,Q,190.7,2.0,3673,"['@', 'F', 'I']",C
AAPL,2024-01-30 14:30:01.288539+00:00,Q,190.7,16.0,3674,"['@', 'F', 'I']",C
AAPL,2024-01-30 14:30:01.288539+00:00,Q,190.7,10.0,3675,"['@', 'F', 'I']",C
AAPL,2024-01-30 14:30:01.288541+00:00,Q,190.7,1.0,3676,"['@', 'F', 'I']",C
AAPL,2024-01-30 14:30:01.288545+00:00,Q,190.7,10.0,3677,"['@', 'F', 'I']",C
AAPL,2024-01-30 14:30:01.288545+00:00,X,190.71,3.0,17,"['@', 'I']",C
AAPL,2024-01-30 14:30:01.288549+00:00,Q,190.7,1.0,3678,"['@', 'F', 'I']",C
AAPL,2024-01-30 14:30:01.288549+00:00,Q,190.69,1.0,3679,"['@', 'F', 'I']",C
AAPL,2024-01-30 14:30:01.288551+00:00,Q,190.69,3.0,3680,"['@', 'F', 'I']",C
AAPL,2024-01-30 14:30:01.288553+00:00,Q,190.69,1.0,3681,"['@', 'F', 'I']",C
AAPL,2024-01-30 14:30:01.288558+00:00,Q,190.69,4.0,3682,"['@', 'F', 'I']",C
AAPL,2024-01-30 14:30:01.288608+00:00,Z,190.7,100.0,426,"['@', 'F']",C
AAPL,2024-01-30 14:30:01.288837+00:00,Z,190.7,100.0,427,"['@', 'F']",C
AAPL,2024-01-30 14:30:01.289085+00:00,Q,190.7,1.0,3683,"['@', 'I']",C
AAPL,2024-01-30 14:30:01.290845+00:00,D,190.71,25.0,2390,"['@', 'I']",C
AAPL,2024-01-30 14:30:01.291292+00:00,Q,190.7,3.0,3684,"['@', 'I']",C
AAPL,2024-01-30 14:30:01.291294+00:00,Q,190.7,2.0,3685,"['@', 'I']",C
AAPL,2024-01-30 14:30:01.291297+00:00,Q,190.7,95.0,3686,"['@', 'I']",C
AAPL,2024-01-30 14:30:01.292158+00:00,D,190.71,1.0,2391,"['@', 'I']",C
AAPL,2024-01-30 14:30:01.294625+00:00,D,190.7108,1.0,2392,"['@', 'I']",C
AAPL,2024-01-30 14:30:01.298671+00:00,Q,190.73,5.0,3687,"['@', 'F', 'I']",C
AAPL,2024-01-30 14:30:01.300529+00:00,Q,190.73,3.0,3688,"['@', 'F', 'I']",C
AAPL,2024-01-30 14:30:01.302363+00:00,D,190.73,70.0,2393,"['@', 'I']",C
AAPL,2024-01-30 14:30:01.303531+00:00,Q,190.7,5.0,3689,"['@', 'F', 'I']",C
AAPL,2024-01-30 14:30:01.303533+00:00,Q,190.7,25.0,3690,"['@', 'F', 'I']",C
AAPL,2024-01-30 14:30:01.303535+00:00,Q,190.7,20.0,3691,"['@', 'F', 'I']",C
AAPL,2024-01-30 14:30:01.303764+00:00,Z,190.7,24.0,428,"['@', 'F', 'I']",C
AAPL,2024-01-30 14:30:01.303774+00:00,Z,190.7,27.0,429,"['@', 'F', 'I']",C
AAPL,2024-01-30 14:30:01.303801+00:00,Z,190.7,27.0,430,"['@', 'F', 'I']",C
AAPL,2024-01-30 14:30:01.304030+00:00,Z,190.7,22.0,431,"['@', 'F', 'I']",C
AAPL,2024-01-30 14:30:01.305204+00:00,Q,190.69,32.0,3692,"['@', 'F', 'I']",C
AAPL,2024-01-30 14:30:01.305474+00:00,Z,190.69,9.0,432,"['@', 'F', 'I']",C
AAPL,2024-01-30 14:30:01.305533+00:00,Q,190.69,17.0,3693,"['@', 'F', 'I']",C
AAPL,2024-01-30 14:30:01.305753+00:00,Z,190.69,24.0,433,"['@', 'F', 'I']",C
AAPL,2024-01-30 14:30:01.305870+00:00,Q,190.69,17.0,3694,"['@', 'F', 'I']",C
AAPL,2024-01-30 14:30:01.306916+00:00,D,190.6901,1.0,2394,"['@', 'I']",C
AAPL,2024-01-30 14:30:01.307472+00:00,Q,190.69,23.0,3695,"['@', 'F', 'I']",C
AAPL,2024-01-30 14:30:01.307566+00:00,Z,190.69,67.0,434,"['@', 'F', 'I']",C
AAPL,2024-01-30 14:30:01.308094+00:00,Q,190.7,5.0,3696,"['@', 'I']",C
AAPL,2024-01-30 14:30:01.310921+00:00,Z,190.69,5.0,435,"['@', 'F', 'I']",C
AAPL,2024-01-30 14:30:01.311454+00:00,Q,190.69,7.0,3697,"['@', 'F', 'I']",C
AAPL,2024-01-30 14:30:01.311456+00:00,Q,190.69,7.0,3698,"['@', 'F', 'I']",C
AAPL,2024-01-30 14:30:01.311733+00:00,Z,190.69,46.0,436,"['@', 'F', 'I']",C
AAPL,2024-01-30 14:30:01.312560+00:00,Z,190.69,32.0,437,"['@', 'F', 'I']",C
AAPL,2024-01-30 14:30:01.312756+00:00,Z,190.69,17.0,438,"['@', 'F', 'I']",C
AAPL,2024-01-30 14:30:01.313869+00:00,Q,190.7,23.0,3699,"['@', 'F', 'I']",C
AAPL,2024-01-30 14:30:01.314051+00:00,Q,190.7,77.0,3700,"['@', 'F', 'I']",C
AAPL,2024-01-30 14:30:01.314053+00:00,Q,190.7,3.0,3701,"['@', 'F', 'I']",C
AAPL,2024-01-30 14:30:01.322883+00:00,Q,190.71,200.0,3702,"['@', 'F']",C
AAPL,2024-01-30 14:30:01.326764+00:00,Q,190.73,100.0,3703,"['@', 'F']",C
AAPL,2024-01-30 14:30:01.328167+00:00,P,190.74,100.0,3137,['@'],C
AAPL,2024-01-30 14:30:01.328167+00:00,P,190.74,151.0,3138,['@'],C
AAPL,2024-01-30 14:30:01.329405+00:00,J,190.72,20.0,24,"['@', 'I']",C
AAPL,2024-01-30 14:30:01.329410+00:00,J,190.71,80.0,25,"['@', 'I']",C
AAPL,2024-01-30 14:30:01.329778+00:00,J,190.72,3.0,26,"['@', 'I']",C
AAPL,2024-01-30 14:30:01.329782+00:00,J,190.71,20.0,27,"['@', 'I']",C
AAPL,2024-01-30 14:30:01.329785+00:00,J,190.71,77.0,28,"['@', 'I']",C
AAPL,2024-01-30 14:30:01.330362+00:00,D,190.83,46.0,2395,"['@', 'I']",C
AAPL,2024-01-30 14:30:01.330679+00:00,D,190.71,2.0,2396,"['@', 'I']",C
AAPL,2024-01-30 14:30:01.334602+00:00,P,190.74,33.0,3139,"['@', 'F', 'I']",C
AAPL,2024-01-30 14:30:01.341863+00:00,D,190.72,121.0,2397,['@'],C
AAPL,2024-01-30 14:30:01.341938+00:00,D,190.84,1.0,2398,"['@', '4', 'I']",C
AAPL,2024-01-30 14:30:01.346352+00:00,P,190.74,1.0,3140,"['@', 'I']",C
AAPL,2024-01-30 14:30:01.346373+00:00,U,190.74,60.0,261,"['@', 'F', 'I']",C
AAPL,2024-01-30 14:30:01.346798+00:00,P,190.74,215.0,3141,['@'],C
AAPL,2024-01-30 14:30:01.346798+00:00,P,190.74,85.0,3142,"['@', 'I']",C
AAPL,2024-01-30 14:30:01.349912+00:00,D,190.71,2.0,2399,"['@', 'I']",C
AAPL,2024-01-30 14:30:01.356081+00:00,D,190.71,2.0,2400,"['@', 'I']",C
AAPL,2024-01-30 14:30:01.393552+00:00,Q,190.75,23.0,3704,"['@', 'F', 'I']",C
AAPL,2024-01-30 14:30:01.401416+00:00,D,190.8435,110.0,2401,['@'],C
AAPL,2024-01-30 14:30:01.427061+00:00,V,190.75,4.0,42,"['@', 'I']",C
AAPL,2024-01-30 14:30:01.447693+00:00,P,190.76,200.0,3143,"['@', 'F']",C
AAPL,2024-01-30 14:30:01.447696+00:00,N,190.76,100.0,16,"['@', 'F']",C
AAPL,2024-01-30 14:30:01.455827+00:00,D,190.85,1.0,2402,"['@', '4', 'I']",C
AAPL,2024-01-30 14:30:01.463061+00:00,D,190.74,4.0,2403,"['@', 'I']",C
AAPL,2024-01-30 14:30:01.470433+00:00,Q,190.78,1.0,3705,"['@', 'I']",C
AAPL,2024-01-30 14:30:01.470435+00:00,Q,190.78,7.0,3706,"['@', 'I']",C
AAPL,2024-01-30 14:30:01.470488+00:00,Q,190.78,93.0,3707,"['@', 'F', 'I']",C
AAPL,2024-01-30 14:30:01.471286+00:00,V,190.78,81.0,43,"['@', 'I']",C
AAPL,2024-01-30 14:30:01.483791+00:00,D,190.85,1.0,2404,"['@', '4', 'I']",C
AAPL,2024-01-30 14:30:01.489716+00:00,D,190.7881,1.0,2405,"['@', 'I']",C
AAPL,2024-01-30 14:30:01.514362+00:00,D,190.7718,2.0,2406,"['@', 'I']",C
AAPL,2024-01-30 14:30:01.523960+00:00,D,190.7718,1.0,2407,"['@', 'I']",C
AAPL,2024-01-30 14:30:01.526573+00:00,K,190.79,27.0,2300,"['@', 'F', 'I']",C
AAPL,2024-01-30 14:30:01.526671+00:00,Q,190.8,100.0,3708,"['@', 'F']",C
AAPL,2024-01-30 14:30:01.526962+00:00,K,190.79,25.0,2301,"['@', 'F', 'I']",C
AAPL,2024-01-30 14:30:01.526965+00:00,K,190.8,25.0,2302,"['@', 'F', 'I']",C
AAPL,2024-01-30 14:30:01.527215+00:00,P,190.8,100.0,3144,"['@', 'F']",C
AAPL,2024-01-30 14:30:01.528577+00:00,J,190.81,100.0,29,"['@', 'F']",C
AAPL,2024-01-30 14:30:01.528947+00:00,Z,190.81,50.0,439,"['@', 'F', 'I']",C
AAPL,2024-01-30 14:30:01.528951+00:00,Z,190.81,4.0,440,"['@', 'F', 'I']",C
AAPL,2024-01-30 14:30:01.531437+00:00,V,190.79,1.0,44,"['@', 'I']",C
AAPL,2024-01-30 14:30:01.532959+00:00,J,190.82,1.0,30,"['@', 'F', 'I']",C
AAPL,2024-01-30 14:30:01.534425+00:00,Q,190.8,25.0,3709,"['@', 'F', 'I']",C
AAPL,2024-01-30 14:30:01.534494+00:00,Q,190.8,22.0,3710,"['@', 'F', 'I']",C
AAPL,2024-01-30 14:30:01.534606+00:00,Q,190.82,2.0,3711,"['@', 'F', 'I']",C
AAPL,2024-01-30 14:30:01.534816+00:00,Q,190.79,25.0,3712,"['@', 'F', 'I']",C
AAPL,2024-01-30 14:30:01.534817+00:00,Q,190.78,11.0,3713,"['@', 'F', 'I']",C
AAPL,2024-01-30 14:30:01.534847+00:00,Q,190.78,14.0,3714,"['@', 'I']",C
AAPL,2024-01-30 14:30:01.534849+00:00,Q,190.78,100.0,3715,['@'],C
AAPL,2024-01-30 14:30:01.534851+00:00,Q,190.78,200.0,3716,['@'],C
AAPL,2024-01-30 14:30:01.534855+00:00,Q,190.78,4.0,3717,"['@', 'I']",C
AAPL,2024-01-30 14:30:01.534962+00:00,Q,190.78,2.0,3718,"['@', 'F', 'I']",C
AAPL,2024-01-30 14:30:01.535815+00:00,Q,190.78,6.0,3719,"['@', 'F', 'I']",C
AAPL,2024-01-30 14:30:01.537722+00:00,Q,190.78,80.0,3720,"['@', 'F', 'I']",C
AAPL,2024-01-30 14:30:01.538334+00:00,Q,190.78,100.0,3721,['@'],C
AAPL,2024-01-30 14:30:01.538935+00:00,D,190.7923,139.0,2408,['@'],C
AAPL,2024-01-30 14:30:01.541932+00:00,D,190.79,1.0,2409,"['@', 'I']",C
AAPL,2024-01-30 14:30:01.546632+00:00,Q,190.78,2.0,3722,"['@', 'F', 'I']",C
AAPL,2024-01-30 14:30:01.563401+00:00,D,190.8538,165.0,2410,['@'],C
AAPL,2024-01-30 14:30:01.586563+00:00,D,190.8788,1.0,2411,"['@', 'I']",C
AAPL,2024-01-30 14:30:01.615800+00:00,Q,190.79,1.0,3723,"['@', 'F', 'I']",C
AAPL,2024-01-30 14:30:01.620262+00:00,Q,190.78,25.0,3724,"['@', 'I']",C
AAPL,2024-01-30 14:30:01.620262+00:00,Q,190.78,100.0,3725,['@'],C
AAPL,2024-01-30 14:30:01.620271+00:00,Z,190.78,100.0,441,['@'],C
AAPL,2024-01-30 14:30:01.620280+00:00,Z,190.78,100.0,442,['@'],C
AAPL,2024-01-30 14:30:01.620283+00:00,Z,190.78,6.0,443,"['@', 'I']",C
AAPL,2024-01-30 14:30:01.620655+00:00,M,190.78,55.0,11,"['@', 'F', 'I']",C
AAPL,2024-01-30 14:30:01.620675+00:00,M,190.78,45.0,12,"['@', 'F', 'I']",C
AAPL,2024-01-30 14:30:01.620695+00:00,Q,190.77,100.0,3726,"['@', 'F']",C
AAPL,2024-01-30 14:30:01.620697+00:00,Q,190.77,4.0,3727,"['@', 'F', 'I']",C
AAPL,2024-01-30 14:30:01.620699+00:00,Q,190.77,25.0,3728,"['@', 'F', 'I']",C
AAPL,2024-01-30 14:30:01.620706+00:00,K,190.77,21.0,2303,"['@', 'F', 'I']",C
AAPL,2024-01-30 14:30:01.620798+00:00,D,190.79,100.0,2412,['@'],C
AAPL,2024-01-30 14:30:01.620831+00:00,K,190.76,18.0,2304,"['@', 'F', 'I']",C
AAPL,2024-01-30 14:30:01.620850+00:00,K,190.76,45.0,2305,"['@', 'F', 'I']",C
AAPL,2024-01-30 14:30:01.620892+00:00,Q,190.76,4.0,3729,"['@', 'F', 'I']",C
AAPL,2024-01-30 14:30:01.620958+00:00,D,190.94,1.0,2413,"['@', 'I']",C
AAPL,2024-01-30 14:30:01.621315+00:00,K,190.75,8.0,2306,"['@', 'F', 'I']",C
AAPL,2024-01-30 14:30:01.621323+00:00,Q,190.75,4.0,3730,"['@', 'F', 'I']",C
AAPL,2024-01-30 14:30:01.621325+00:00,Q,190.75,42.0,3731,"['@', 'F', 'I']",C
AAPL,2024-01-30 14:30:01.621420+00:00,K,190.75,42.0,2307,"['@', 'F', 'I']",C
AAPL,2024-01-30 14:30:01.621439+00:00,Q,190.75,58.0,3732,"['@', 'I']",C
AAPL,2024-01-30 14:30:01.621516+00:00,P,190.75,35.0,3145,"['@', 'F', 'I']",C
AAPL,2024-01-30 14:30:01.621567+00:00,P,190.75,65.0,3146,"['@', 'I']",C
AAPL,2024-01-30 14:30:01.621697+00:00,Q,190.74,4.0,3733,"['@', 'I']",C
AAPL,2024-01-30 14:30:01.621700+00:00,Q,190.74,100.0,3734,['@'],C
AAPL,2024-01-30 14:30:01.622003+00:00,Z,190.74,100.0,444,['@'],C
AAPL,2024-01-30 14:30:01.622034+00:00,K,190.74,50.0,2308,"['@', 'I']",C
AAPL,2024-01-30 14:30:01.622141+00:00,K,190.75,50.0,2309,"['@', 'F', 'I']",C
AAPL,2024-01-30 14:30:01.622310+00:00,P,190.74,2.0,3147,"['@', 'I']",C
AAPL,2024-01-30 14:30:01.622310+00:00,P,190.74,100.0,3148,['@'],C
AAPL,2024-01-30 14:30:01.622310+00:00,P,190.74,100.0,3149,['@'],C
AAPL,2024-01-30 14:30:01.622414+00:00,J,190.73,55.0,31,"['@', 'F', 'I']",C
AAPL,2024-01-30 14:30:01.622474+00:00,Q,190.73,4.0,3735,"['@', 'I']",C
AAPL,2024-01-30 14:30:01.624136+00:00,D,190.95,1.0,2414,"['@', 'I']",C
AAPL,2024-01-30 14:30:01.632018+00:00,D,190.735,100.0,2415,['@'],C
AAPL,2024-01-30 14:30:01.632443+00:00,D,190.735,20.0,2416,"['@', 'I']",C
AAPL,2024-01-30 14:30:01.633639+00:00,V,190.735,1.0,45,"['@', 'I']",C
AAPL,2024-01-30 14:30:01.634894+00:00,Q,190.73,47.0,3736,"['@', 'I']",C
AAPL,2024-01-30 14:30:01.635199+00:00,J,190.73,32.0,32,"['@', 'F', 'I']",C
AAPL,2024-01-30 14:30:01.659044+00:00,D,190.8474,50.0,2417,"['@', 'I']",C
AAPL,2024-01-30 14:30:01.667700+00:00,K,190.735,22.0,2310,"['@', 'F', 'I']",C
AAPL,2024-01-30 14:30:01.667700+00:00,J,190.73,13.0,33,"['@', 'F', 'I']",C
AAPL,2024-01-30 14:30:01.668071+00:00,Q,190.74,20.0,3737,"['@', 'F', 'I']",C
AAPL,2024-01-30 14:30:01.668190+00:00,D,190.731,1.0,2418,"['@', 'I']",C
AAPL,2024-01-30 14:30:01.668218+00:00,Q,190.74,80.0,3738,"['@', 'F', 'I']",C
AAPL,2024-01-30 14:30:01.668220+00:00,Q,190.74,20.0,3739,"['@', 'F', 'I']",C
AAPL,2024-01-30 14:30:01.673102+00:00,P,190.74,100.0,3150,['@'],C
AAPL,2024-01-30 14:30:01.674598+00:00,J,190.74,45.0,34,"['@', 'I']",C
AAPL,2024-01-30 14:30:01.674709+00:00,Z,190.74,33.0,445,"['@', 'I']",C
AAPL,2024-01-30 14:30:01.680268+00:00,P,190.745,88.0,3151,"['@', 'I']",C
AAPL,2024-01-30 14:30:01.686612+00:00,K,190.75,60.0,2311,"['@', 'F', 'I']",C
AAPL,2024-01-30 14:30:01.686968+00:00,Q,190.76,41.0,3740,"['@', 'F', 'I']",C
AAPL,2024-01-30 14:30:01.686970+00:00,Q,190.76,100.0,3741,"['@', 'F']",C
AAPL,2024-01-30 14:30:01.687064+00:00,P,190.76,99.0,3152,"['@', 'I']",C
AAPL,2024-01-30 14:30:01.687559+00:00,P,190.76,100.0,3153,['@'],C
AAPL,2024-01-30 14:30:01.687659+00:00,Q,190.76,32.0,3742,"['@', 'I']",C
AAPL,2024-01-30 14:30:01.688445+00:00,P,190.76,32.0,3154,"['@', 'I']",C
AAPL,2024-01-30 14:30:01.695517+00:00,K,190.75,30.0,2312,"['@', 'I']",C
AAPL,2024-01-30 14:30:01.695650+00:00,U,190.75,10.0,262,"['@', 'I']",C
AAPL,2024-01-30 14:30:01.695708+00:00,K,190.75,50.0,2313,"['@', 'I']",C
AAPL,2024-01-30 14:30:01.695928+00:00,J,190.76,100.0,35,['@'],C
AAPL,2024-01-30 14:30:01.699101+00:00,Z,190.74,67.0,446,"['@', 'I']",C
AAPL,2024-01-30 14:30:01.699107+00:00,Z,190.74,33.0,447,"['@', 'I']",C
AAPL,2024-01-30 14:30:01.701035+00:00,D,190.8492,100.0,2419,['@'],C
AAPL,2024-01-30 14:30:01.714425+00:00,D,190.7587,109.0,2420,['@'],C
AAPL,2024-01-30 14:30:01.716799+00:00,Q,190.76,1.0,3743,"['@', 'F', 'I']",C
AAPL,2024-01-30 14:30:01.723842+00:00,D,190.84,1.0,1409,"['@', '4', 'I']",C
AAPL,2024-01-30 14:30:01.724035+00:00,D,190.84,143.0,1410,"['@', '4']",C
AAPL,2024-01-30 14:30:01.724202+00:00,D,190.84,2.0,1411,"['@', '4', 'I']",C
AAPL,2024-01-30 14:30:01.724347+00:00,D,190.84,26.0,1412,"['@', '4', 'I']",C
AAPL,2024-01-30 14:30:01.724395+00:00,D,190.84,16.0,1413,"['@', '4', 'I']",C
AAPL,2024-01-30 14:30:01.724550+00:00,D,190.84,2.0,1414,"['@', '4', 'I']",C
AAPL,2024-01-30 14:30:01.724598+00:00,D,190.84,1.0,1415,"['@', '4', 'I']",C
AAPL,2024-01-30 14:30:01.724681+00:00,D,190.84,1.0,1416,"['@', '4', 'I']",C
AAPL,2024-01-30 14:30:01.724828+00:00,D,190.84,106.0,1417,"['@', '4']",C
AAPL,2024-01-30 14:30:01.724871+00:00,D,190.84,158.0,1418,"['@', '4']",C
AAPL,2024-01-30 14:30:01.725063+00:00,D,190.84,2.0,1419,"['@', '4', 'I']",C
AAPL,2024-01-30 14:30:01.725138+00:00,D,190.84,1.0,1420,"['@', '4', 'I']",C
AAPL,2024-01-30 14:30:01.725335+00:00,D,190.84,5.0,1421,"['@', '4', 'I']",C
AAPL,2024-01-30 14:30:01.725388+00:00,D,190.84,10.0,1422,"['@', '4', 'I']",C
AAPL,2024-01-30 14:30:01.725517+00:00,D,190.84,27.0,1423,"['@', '4', 'I']",C
AAPL,2024-01-30 14:30:01.725811+00:00,D,190.85,5.0,2421,"['@', 'I']",C
AAPL,2024-01-30 14:30:01.726427+00:00,D,190.84,22.0,1424,"['@', '4', 'I']",C
AAPL,2024-01-30 14:30:01.731542+00:00,M,190.75,15.0,13,"['@', 'I']",C
AAPL,2024-01-30 14:30:01.731557+00:00,D,190.84,40.0,1425,"['@', '4', 'I']",C
AAPL,2024-01-30 14:30:01.731602+00:00,D,190.84,8.0,1426,"['@', '4', 'I']",C
AAPL,2024-01-30 14:30:01.731923+00:00,D,190.84,8.0,1427,"['@', '4', 'I']",C
AAPL,2024-01-30 14:30:01.732134+00:00,D,190.84,13.0,1428,"['@', '4', 'I']",C
AAPL,2024-01-30 14:30:01.732214+00:00,D,190.84,28.0,1429,"['@', '4', 'I']",C
AAPL,2024-01-30 14:30:01.732284+00:00,D,190.84,3.0,1430,"['@', '4', 'I']",C
AAPL,2024-01-30 14:30:01.732714+00:00,Q,190.76,1.0,3744,"['@', 'F', 'I']",C
AAPL,2024-01-30 14:30:01.733467+00:00,D,190.84,9.0,1431,"['@', '4', 'I']",C
AAPL,2024-01-30 14:30:01.733894+00:00,D,190.83,616.0,2422,['@'],C
AAPL,2024-01-30 14:30:01.734853+00:00,D,190.85,10.0,2423,"['@', 'I']",C
AAPL,2024-01-30 14:30:01.736206+00:00,D,190.84,1.0,1432,"['@', '4', 'I']",C
AAPL,2024-01-30 14:30:01.736619+00:00,D,190.84,11.0,1433,"['@', '4', 'I']",C
AAPL,2024-01-30 14:30:01.736761+00:00,D,190.84,72.0,1434,"['@', '4', 'I']",C
AAPL,2024-01-30 14:30:01.736859+00:00,D,190.84,2.0,1435,"['@', '4', 'I']",C
AAPL,2024-01-30 14:30:01.736942+00:00,D,190.84,2.0,1436,"['@', '4', 'I']",C
AAPL,2024-01-30 14:30:01.737157+00:00,D,190.84,2.0,1437,"['@', '4', 'I']",C
AAPL,2024-01-30 14:30:01.737237+00:00,D,190.84,1.0,1438,"['@', '4', 'I']",C
AAPL,2024-01-30 14:30:01.737354+00:00,D,190.84,1.0,1439,"['@', '4', 'I']",C
AAPL,2024-01-30 14:30:01.737500+00:00,D,190.84,1.0,1440,"['@', '4', 'I']",C
AAPL,2024-01-30 14:30:01.737575+00:00,D,190.84,1.0,1441,"['@', '4', 'I']",C
AAPL,2024-01-30 14:30:01.737681+00:00,D,190.84,10.0,1442,"['@', '4', 'I']",C
AAPL,2024-01-30 14:30:01.737737+00:00,D,190.84,5.0,1443,"['@', '4', 'I']",C
AAPL,2024-01-30 14:30:01.737856+00:00,D,190.84,2.0,1444,"['@', '4', 'I']",C
AAPL,2024-01-30 14:30:01.737898+00:00,D,190.84,1.0,1445,"['@', '4', 'I']",C
AAPL,2024-01-30 14:30:01.738138+00:00,M,190.75,81.0,14,"['@', 'F', 'I']",C
AAPL,2024-01-30 14:30:01.740113+00:00,K,190.75,20.0,2314,"['@', 'I']",C
AAPL,2024-01-30 14:30:01.740121+00:00,K,190.75,100.0,2315,['@'],C
AAPL,2024-01-30 14:30:01.740454+00:00,M,190.75,104.0,15,['@'],C
AAPL,2024-01-30 14:30:01.744186+00:00,Z,190.74,67.0,448,"['@', 'F', 'I']",C
AAPL,2024-01-30 14:30:01.744193+00:00,Z,190.74,100.0,449,"['@', 'F']",C
AAPL,2024-01-30 14:30:01.744733+00:00,Q,190.75,200.0,3745,['@'],C
AAPL,2024-01-30 14:30:01.747867+00:00,K,190.73,22.0,2316,"['@', 'I']",C
AAPL,2024-01-30 14:30:01.748212+00:00,Q,190.75,200.0,3746,['@'],C
AAPL,2024-01-30 14:30:01.748212+00:00,Q,190.75,200.0,3747,['@'],C
AAPL,2024-01-30 14:30:01.748536+00:00,D,190.74,19.0,2424,"['@', 'I']",C
AAPL,2024-01-30 14:30:01.749025+00:00,D,190.775,100.0,2425,['@'],C
AAPL,2024-01-30 14:30:01.749122+00:00,V,190.75,14.0,46,"['@', 'I']",C
AAPL,2024-01-30 14:30:01.751032+00:00,Q,190.75,500.0,3748,['@'],C
AAPL,2024-01-30 14:30:01.751446+00:00,Z,190.74,16.0,450,"['@', 'I']",C
AAPL,2024-01-30 14:30:01.753453+00:00,Q,190.76,7.0,3749,"['@', 'F', 'I']",C
AAPL,2024-01-30 14:30:01.753572+00:00,Z,190.75,84.0,451,"['@', 'I']",C
AAPL,2024-01-30 14:30:01.754369+00:00,Z,190.74,83.0,452,"['@', 'I']",C
AAPL,2024-01-30 14:30:01.754638+00:00,D,190.8455,1.0,2426,"['@', 'I']",C
AAPL,2024-01-30 14:30:01.759689+00:00,N,190.745,100.0,17,['@'],C
AAPL,2024-01-30 14:30:01.759729+00:00,Q,190.73,20.0,3750,"['@', 'I']",C
AAPL,2024-01-30 14:30:01.759730+00:00,Q,190.73,25.0,3751,"['@', 'I']",C
AAPL,2024-01-30 14:30:01.759785+00:00,Q,190.73,8.0,3752,"['@', 'I']",C
AAPL,2024-01-30 14:30:01.766265+00:00,N,190.73,28.0,18,"['@', 'I']",C
AAPL,2024-01-30 14:30:01.767398+00:00,K,190.73,14.0,2317,"['@', 'I']",C
AAPL,2024-01-30 14:30:01.767891+00:00,N,190.75,7.0,19,"['@', 'I']",C
AAPL,2024-01-30 14:30:01.777749+00:00,D,190.748,49.0,2427,"['@', 'I']",C
AAPL,2024-01-30 14:30:01.789817+00:00,V,190.73,41.0,47,"['@', 'I']",C
AAPL,2024-01-30 14:30:01.799974+00:00,D,190.8435,10.0,2428,"['@', 'I']",C
AAPL,2024-01-30 14:30:01.833315+00:00,D,190.745,72.0,2429,"['@', 'I']",C
AAPL,2024-01-30 14:30:01.848755+00:00,D,190.84,10.0,2430,"['@', 'I']",C
AAPL,2024-01-30 14:30:01.853734+00:00,Q,190.745,17.0,3753,"['@', 'I']",C
AAPL,2024-01-30 14:30:01.858125+00:00,Q,190.76,98.0,3754,"['@', 'F', 'I']",C
AAPL,2024-01-30 14:30:01.858126+00:00,Q,190.76,2.0,3755,"['@', 'F', 'I']",C
AAPL,2024-01-30 14:30:01.858180+00:00,Q,190.76,98.0,3756,"['@', 'F', 'I']",C
AAPL,2024-01-30 14:30:01.883888+00:00,D,190.84,1.0,2431,"['@', '4', 'I']",C
AAPL,2024-01-30 14:30:01.891612+00:00,J,190.75,100.0,36,['@'],C
AAPL,2024-01-30 14:30:01.906477+00:00,M,190.75,100.0,16,['@'],C
AAPL,2024-01-30 14:30:01.906569+00:00,V,190.76,100.0,48,['@'],C
AAPL,2024-01-30 14:30:01.906608+00:00,V,190.75,100.0,49,['@'],C
AAPL,2024-01-30 14:30:01.906617+00:00,V,190.75,200.0,50,['@'],C
AAPL,2024-01-30 14:30:01.912611+00:00,Z,190.75,85.0,453,"['@', 'I']",C
AAPL,2024-01-30 14:30:01.935441+00:00,D,190.95,1.0,2432,"['@', 'I']",C
AAPL,2024-01-30 14:30:01.938440+00:00,D,190.84,1.0,2433,"['@', '4', 'I']",C
AAPL,2024-01-30 14:30:01.940967+00:00,D,190.94,1.0,2434,"['@', 'I']",C
AAPL,2024-01-30 14:30:01.951133+00:00,P,190.755,98.0,3155,"['@', 'I']",C
AAPL,2024-01-30 14:30:01.963642+00:00,D,190.86,30.0,2435,"['@', 'I']",C
AAPL,2024-01-30 14:30:01.964212+00:00,D,190.8435,3.0,2436,"['@', 'I']",C
AAPL,2024-01-30 14:30:02.011897+00:00,Z,190.75,15.0,454,"['@', 'I']",C
AAPL,2024-01-30 14:30:02.011905+00:00,Z,190.75,100.0,455,['@'],C
AAPL,2024-01-30 14:30:02.011907+00:00,Q,190.75,6.0,3757,"['@', 'F', 'I']",C
AAPL,2024-01-30 14:30:02.012130+00:00,Q,190.75,19.0,3758,"['@', 'F', 'I']",C
AAPL,2024-01-30 14:30:02.012132+00:00,Q,190.75,4.0,3759,"['@', 'F', 'I']",C
AAPL,2024-01-30 14:30:02.012260+00:00,Z,190.75,14.0,456,"['@', 'F', 'I']",C
AAPL,2024-01-30 14:30:02.012308+00:00,P,190.74,1.0,3156,"['@', 'F', 'I']",C
AAPL,2024-01-30 14:30:02.012308+00:00,P,190.74,96.0,3157,"['@', 'F', 'I']",C
AAPL,2024-01-30 14:30:02.012311+00:00,M,190.74,100.0,17,"['@', 'F']",C
AAPL,2024-01-30 14:30:02.012437+00:00,P,190.74,4.0,3158,"['@', 'I']",C
AAPL,2024-01-30 14:30:02.012437+00:00,P,190.74,100.0,3159,['@'],C
AAPL,2024-01-30 14:30:02.012455+00:00,Q,190.75,8.0,3760,"['@', 'F', 'I']",C
AAPL,2024-01-30 14:30:02.012467+00:00,Z,190.75,86.0,457,"['@', 'I']",C
AAPL,2024-01-30 14:30:02.012480+00:00,Z,190.74,14.0,458,"['@', 'I']",C
AAPL,2024-01-30 14:30:02.012503+00:00,N,190.76,100.0,20,['@'],C
AAPL,2024-01-30 14:30:02.012827+00:00,K,190.74,6.0,2318,"['@', 'F', 'I']",C
AAPL,2024-01-30 14:30:02.013013+00:00,P,190.75,100.0,3160,['@'],C
AAPL,2024-01-30 14:30:02.013555+00:00,D,190.7585,1.0,2437,"['@', 'I']",C
AAPL,2024-01-30 14:30:02.014231+00:00,D,190.75,25.0,2438,"['@', 'I']",C
AAPL,2024-01-30 14:30:02.016222+00:00,Z,190.75,100.0,459,['@'],C
AAPL,2024-01-30 14:30:02.016230+00:00,Z,190.74,86.0,460,"['@', 'I']",C
AAPL,2024-01-30 14:30:02.016705+00:00,K,190.74,1.0,2319,"['@', 'I']",C
AAPL,2024-01-30 14:30:02.017792+00:00,Q,190.74,25.0,3761,"['@', 'I']",C
AAPL,2024-01-30 14:30:02.035999+00:00,D,190.751,91.0,2439,"['@', 'I']",C
AAPL,2024-01-30 14:30:02.036285+00:00,D,190.85,1.0,2440,"['@', 'I']",C
AAPL,2024-01-30 14:30:02.050966+00:00,Y,190.75,8.0,43,"['@', 'I']",C
AAPL,2024-01-30 14:30:02.059440+00:00,D,190.86,200.0,2441,['@'],C
AAPL,2024-01-30 14:30:02.072055+00:00,D,190.767,50.0,2442,"['@', 'I']",C
AAPL,2024-01-30 14:30:02.076876+00:00,D,190.7593,10.0,1446,"['@', 'I']",C
AAPL,2024-01-30 14:30:02.079881+00:00,Z,190.77,1.0,461,"['@', 'F', 'I']",C
AAPL,2024-01-30 14:30:02.082825+00:00,D,190.85,3.0,2443,"['@', 'I']",C
AAPL,2024-01-30 14:30:02.085852+00:00,D,190.77,75.0,2444,"['@', 'I']",C
AAPL,2024-01-30 14:30:02.096947+00:00,K,190.77,20.0,2320,"['@', 'I']",C
AAPL,2024-01-30 14:30:02.104733+00:00,D,190.8512,1.0,2445,"['@', 'I']",C
AAPL,2024-01-30 14:30:02.122635+00:00,D,190.76,10.0,2446,"['@', 'I']",C
AAPL,2024-01-30 14:30:02.142735+00:00,D,190.76,10.0,2447,"['@', 'I']",C
AAPL,2024-01-30 14:30:02.157039+00:00,Z,190.76,18.0,462,"['@', 'I']",C
AAPL,2024-01-30 14:30:02.157041+00:00,K,190.77,1.0,2321,"['@', 'I']",C
AAPL,2024-01-30 14:30:02.157259+00:00,Q,190.77,36.0,3762,"['@', 'I']",C
AAPL,2024-01-30 14:30:02.157260+00:00,Q,190.77,23.0,3763,"['@', 'I']",C
AAPL,2024-01-30 14:30:02.157262+00:00,Q,190.77,50.0,3764,"['@', 'I']",C
AAPL,2024-01-30 14:30:02.157265+00:00,Q,190.77,100.0,3765,['@'],C
AAPL,2024-01-30 14:30:02.157269+00:00,M,190.75,100.0,18,['@'],C
AAPL,2024-01-30 14:30:02.157270+00:00,Q,190.77,6.0,3766,"['@', 'I']",C
AAPL,2024-01-30 14:30:02.157279+00:00,J,190.77,100.0,37,['@'],C
AAPL,2024-01-30 14:30:02.157348+00:00,Q,190.78,100.0,3767,"['@', 'F']",C
AAPL,2024-01-30 14:30:02.157349+00:00,Q,190.78,10.0,3768,"['@', 'F', 'I']",C
AAPL,2024-01-30 14:30:02.157351+00:00,U,190.77,100.0,263,['@'],C
AAPL,2024-01-30 14:30:02.157352+00:00,Q,190.78,25.0,3769,"['@', 'F', 'I']",C
AAPL,2024-01-30 14:30:02.157365+00:00,Z,190.77,49.0,463,"['@', 'I']",C
AAPL,2024-01-30 14:30:02.157376+00:00,X,190.78,2.0,18,"['@', 'F', 'I']",C
AAPL,2024-01-30 14:30:02.157637+00:00,Z,190.77,100.0,464,['@'],C
AAPL,2024-01-30 14:30:02.158651+00:00,K,190.77,2.0,2322,"['@', 'I']",C
AAPL,2024-01-30 14:30:02.158655+00:00,K,190.77,98.0,2323,"['@', 'I']",C
AAPL,2024-01-30 14:30:02.159176+00:00,V,190.78,41.0,51,"['@', 'I']",C
AAPL,2024-01-30 14:30:02.160226+00:00,D,190.78,10.0,2448,"['@', 'I']",C
AAPL,2024-01-30 14:30:02.160306+00:00,K,190.79,14.0,2324,"['@', 'F', 'I']",C
AAPL,2024-01-30 14:30:02.160310+00:00,K,190.79,11.0,2325,"['@', 'F', 'I']",C
AAPL,2024-01-30 14:30:02.202214+00:00,Q,190.79,4.0,3770,"['@', 'I']",C
AAPL,2024-01-30 14:30:02.243111+00:00,D,190.95,1.0,2449,"['@', 'I']",C
AAPL,2024-01-30 14:30:02.244661+00:00,D,190.95,1.0,2450,"['@', 'I']",C
AAPL,2024-01-30 14:30:02.248615+00:00,D,190.94,1.0,2451,"['@', 'I']",C
AAPL,2024-01-30 14:30:02.252065+00:00,D,190.94,1.0,2452,"['@', 'I']",C
AAPL,2024-01-30 14:30:02.258365+00:00,D,190.94,12.0,2453,"['@', 'I']",C
AAPL,2024-01-30 14:30:02.264713+00:00,D,190.95,1.0,2454,"['@', 'I']",C
AAPL,2024-01-30 14:30:02.265594+00:00,V,190.78,12.0,52,"['@', 'I']",C
AAPL,2024-01-30 14:30:02.269659+00:00,D,190.95,1.0,2455,"['@', 'I']",C
AAPL,2024-01-30 14:30:02.279001+00:00,D,190.85,1.0,2456,"['@', '4', 'I']",C
AAPL,2024-01-30 14:30:02.292910+00:00,Q,190.79,6.0,3771,"['@', 'F', 'I']",C
AAPL,2024-01-30 14:30:02.292912+00:00,Q,190.8,78.0,3772,"['@', 'F', 'I']",C
AAPL,2024-01-30 14:30:02.295599+00:00,D,190.78,14.0,2457,"['@', 'I']",C
AAPL,2024-01-30 14:30:02.328160+00:00,Z,190.78,67.0,465,"['@', 'I']",C
AAPL,2024-01-30 14:30:02.328272+00:00,Z,190.78,10.0,466,"['@', 'I']",C
AAPL,2024-01-30 14:30:02.328286+00:00,K,190.77,41.0,2326,"['@', 'F', 'I']",C
AAPL,2024-01-30 14:30:02.328291+00:00,K,190.77,5.0,2327,"['@', 'F', 'I']",C
AAPL,2024-01-30 14:30:02.328391+00:00,K,190.77,11.0,2328,"['@', 'F', 'I']",C
AAPL,2024-01-30 14:30:02.328430+00:00,M,190.78,100.0,19,['@'],C
AAPL,2024-01-30 14:30:02.328634+00:00,Z,190.77,100.0,467,"['@', 'F']",C
AAPL,2024-01-30 14:30:02.328812+00:00,Q,190.77,79.0,3773,"['@', 'F', 'I']",C
AAPL,2024-01-30 14:30:02.347202+00:00,D,190.85,4.0,2458,"['@', 'I']",C
AAPL,2024-01-30 14:30:02.353448+00:00,D,190.85,45.0,2459,"['@', 'I']",C
AAPL,2024-01-30 14:30:02.363156+00:00,Z,190.76,27.0,468,"['@', 'F', 'I']",C
AAPL,2024-01-30 14:30:02.370744+00:00,Z,190.765,27.0,469,"['@', 'F', 'I']",C
AAPL,2024-01-30 14:30:02.393657+00:00,Z,190.76,50.0,470,"['@', 'F', 'I']",C
AAPL,2024-01-30 14:30:02.409998+00:00,D,190.765,100.0,2460,['@'],C
AAPL,2024-01-30 14:30:02.411747+00:00,D,190.765,100.0,2461,['@'],C
AAPL,2024-01-30 14:30:02.415707+00:00,Q,190.765,100.0,3774,"['@', 'F']",C
AAPL,2024-01-30 14:30:02.415709+00:00,Q,190.75,2.0,3775,"['@', 'F', 'I']",C
AAPL,2024-01-30 14:30:02.438125+00:00,M,190.75,100.0,20,['@'],C
AAPL,2024-01-30 14:30:02.442788+00:00,Q,190.75,98.0,3776,"['@', 'I']",C
AAPL,2024-01-30 14:30:02.442811+00:00,X,190.76,3.0,19,"['@', 'I']",C
AAPL,2024-01-30 14:30:02.442912+00:00,Q,190.75,8.0,3777,"['@', 'I']",C
AAPL,2024-01-30 14:30:02.443094+00:00,Y,190.76,57.0,44,"['@', 'I']",C
AAPL,2024-01-30 14:30:02.443111+00:00,Z,190.75,95.0,471,"['@', 'I']",C
AAPL,2024-01-30 14:30:02.443283+00:00,D,190.76,2.0,2462,"['@', 'I']",C
AAPL,2024-01-30 14:30:02.443363+00:00,N,190.76,1.0,21,"['@', 'I']",C
AAPL,2024-01-30 14:30:02.443466+00:00,N,190.74,400.0,22,['@'],C
AAPL,2024-01-30 14:30:02.452988+00:00,Z,190.76,1.0,472,"['@', 'I']",C
AAPL,2024-01-30 14:30:02.461909+00:00,V,190.75,100.0,53,['@'],C
AAPL,2024-01-30 14:30:02.462200+00:00,V,190.75,100.0,54,['@'],C
AAPL,2024-01-30 14:30:02.463599+00:00,Z,190.76,99.0,473,"['@', 'I']",C
AAPL,2024-01-30 14:30:02.463614+00:00,Q,190.76,100.0,3778,['@'],C
AAPL,2024-01-30 14:30:02.466035+00:00,Q,190.76,51.0,3779,"['@', 'F', 'I']",C
AAPL,2024-01-30 14:30:02.494998+00:00,Q,190.76,2.0,3780,"['@', 'I']",C
AAPL,2024-01-30 14:30:02.495110+00:00,Q,190.76,7.0,3781,"['@', 'I']",C
AAPL,2024-01-30 14:30:02.495161+00:00,Q,190.76,340.0,3782,['@'],C
